date,close,eps,revenue,pe,symbol,pe
1/2/2018 16:00,11.12,0.66,494.8,16.84848485,AQN,16.84848485
1/3/2018 16:00,10.78,0.66,494.8,16.33333333,AQN,16.33333333
1/4/2018 16:00,10.66,0.66,494.8,16.15151515,AQN,16.15151515
1/5/2018 16:00,10.87,0.66,494.8,16.46969697,AQN,16.46969697
1/8/2018 16:00,10.89,0.66,494.8,16.5,AQN,16.5
1/9/2018 16:00,10.76,0.66,494.8,16.3030303,AQN,16.3030303
1/10/2018 16:00,10.66,0.66,494.8,16.15151515,AQN,16.15151515
1/11/2018 16:00,10.6,0.66,494.8,16.06060606,AQN,16.06060606
1/12/2018 16:00,10.58,0.66,494.8,16.03030303,AQN,16.03030303
1/16/2018 16:00,10.66,0.66,494.8,16.15151515,AQN,16.15151515
1/17/2018 16:00,10.9,0.66,494.8,16.51515152,AQN,16.51515152
1/18/2018 16:00,11.06,0.66,494.8,16.75757576,AQN,16.75757576
1/19/2018 16:00,11.01,0.66,494.8,16.68181818,AQN,16.68181818
1/22/2018 16:00,11,0.66,494.8,16.66666667,AQN,16.66666667
1/23/2018 16:00,11.04,0.66,494.8,16.72727273,AQN,16.72727273
1/24/2018 16:00,11.04,0.66,494.8,16.72727273,AQN,16.72727273
1/25/2018 16:00,10.98,0.66,494.8,16.63636364,AQN,16.63636364
1/26/2018 16:00,11.01,0.66,494.8,16.68181818,AQN,16.68181818
1/29/2018 16:00,10.86,0.66,494.8,16.45454545,AQN,16.45454545
1/30/2018 16:00,10.78,0.66,494.8,16.33333333,AQN,16.33333333
1/31/2018 16:00,10.85,0.66,494.8,16.43939394,AQN,16.43939394
2/1/2018 16:00,10.66,0.66,494.8,16.15151515,AQN,16.15151515
2/2/2018 16:00,10.43,0.66,494.8,15.8030303,AQN,15.8030303
2/5/2018 16:00,10.25,0.66,494.8,15.53030303,AQN,15.53030303
2/6/2018 16:00,10.27,0.66,494.8,15.56060606,AQN,15.56060606
2/7/2018 16:00,10.27,0.66,494.8,15.56060606,AQN,15.56060606
2/8/2018 16:00,10.1,0.66,494.8,15.3030303,AQN,15.3030303
2/9/2018 16:00,10.22,0.66,494.8,15.48484848,AQN,15.48484848
2/12/2018 16:00,10.2,0.66,494.8,15.45454545,AQN,15.45454545
2/13/2018 16:00,10.06,0.66,494.8,15.24242424,AQN,15.24242424
2/14/2018 16:00,10.09,0.66,494.8,15.28787879,AQN,15.28787879
2/15/2018 16:00,10.23,0.66,494.8,15.5,AQN,15.5
2/16/2018 16:00,10.27,0.66,494.8,15.56060606,AQN,15.56060606
2/20/2018 16:00,10.1,0.66,494.8,15.3030303,AQN,15.3030303
2/21/2018 16:00,9.93,0.66,494.8,15.04545455,AQN,15.04545455
2/22/2018 16:00,9.92,0.66,494.8,15.03030303,AQN,15.03030303
2/23/2018 16:00,10.1,0.66,494.8,15.3030303,AQN,15.3030303
2/26/2018 16:00,10.12,0.66,494.8,15.33333333,AQN,15.33333333
2/27/2018 16:00,9.99,0.66,494.8,15.13636364,AQN,15.13636364
2/28/2018 16:00,9.87,0.66,494.8,14.95454545,AQN,14.95454545
3/1/2018 16:00,9.85,0.66,494.8,14.92424242,AQN,14.92424242
3/2/2018 16:00,9.91,0.66,494.8,15.01515152,AQN,15.01515152
3/5/2018 16:00,9.75,0.66,494.8,14.77272727,AQN,14.77272727
3/6/2018 16:00,9.85,0.66,494.8,14.92424242,AQN,14.92424242
3/7/2018 16:00,10.02,0.66,494.8,15.18181818,AQN,15.18181818
3/8/2018 16:00,10.05,0.66,494.8,15.22727273,AQN,15.22727273
3/9/2018 16:00,10.17,0.66,494.8,15.40909091,AQN,15.40909091
3/12/2018 16:00,10.15,0.66,494.8,15.37878788,AQN,15.37878788
3/13/2018 16:00,9.96,0.66,494.8,15.09090909,AQN,15.09090909
3/14/2018 16:00,9.95,0.66,494.8,15.07575758,AQN,15.07575758
3/15/2018 16:00,9.83,0.66,494.8,14.89393939,AQN,14.89393939
3/16/2018 16:00,9.89,0.66,494.8,14.98484848,AQN,14.98484848
3/19/2018 16:00,9.82,0.66,494.8,14.87878788,AQN,14.87878788
3/20/2018 16:00,9.94,0.66,494.8,15.06060606,AQN,15.06060606
3/21/2018 16:00,9.97,0.66,494.8,15.10606061,AQN,15.10606061
3/22/2018 16:00,10.05,0.66,494.8,15.22727273,AQN,15.22727273
3/23/2018 16:00,10.01,0.66,494.8,15.16666667,AQN,15.16666667
3/26/2018 16:00,9.91,0.66,494.8,15.01515152,AQN,15.01515152
3/27/2018 16:00,9.94,0.66,494.8,15.06060606,AQN,15.06060606
3/28/2018 16:00,9.9,0.66,494.8,15,AQN,15
3/29/2018 16:00,9.92,0.66,494.8,15.03030303,AQN,15.03030303
4/2/2018 16:00,9.93,0.66,366.2,15.04545455,AQN,15.04545455
4/3/2018 16:00,10.01,0.66,366.2,15.16666667,AQN,15.16666667
4/4/2018 16:00,10.03,0.66,366.2,15.1969697,AQN,15.1969697
4/5/2018 16:00,9.99,0.66,366.2,15.13636364,AQN,15.13636364
4/6/2018 16:00,9.91,0.66,366.2,15.01515152,AQN,15.01515152
4/9/2018 16:00,9.97,0.66,366.2,15.10606061,AQN,15.10606061
4/10/2018 16:00,9.93,0.66,366.2,15.04545455,AQN,15.04545455
4/11/2018 16:00,9.89,0.66,366.2,14.98484848,AQN,14.98484848
4/12/2018 16:00,9.75,0.66,366.2,14.77272727,AQN,14.77272727
4/13/2018 16:00,9.7,0.66,366.2,14.6969697,AQN,14.6969697
4/16/2018 16:00,9.81,0.66,366.2,14.86363636,AQN,14.86363636
4/17/2018 16:00,9.99,0.66,366.2,15.13636364,AQN,15.13636364
4/18/2018 16:00,10.03,0.66,366.2,15.1969697,AQN,15.1969697
4/19/2018 16:00,9.94,0.66,366.2,15.06060606,AQN,15.06060606
4/20/2018 16:00,9.86,0.66,366.2,14.93939394,AQN,14.93939394
4/23/2018 16:00,9.76,0.66,366.2,14.78787879,AQN,14.78787879
4/24/2018 16:00,9.75,0.66,366.2,14.77272727,AQN,14.77272727
4/25/2018 16:00,9.63,0.66,366.2,14.59090909,AQN,14.59090909
4/26/2018 16:00,9.67,0.66,366.2,14.65151515,AQN,14.65151515
4/27/2018 16:00,9.76,0.66,366.2,14.78787879,AQN,14.78787879
4/30/2018 16:00,9.74,0.66,366.2,14.75757576,AQN,14.75757576
5/1/2018 16:00,9.78,0.66,366.2,14.81818182,AQN,14.81818182
5/2/2018 16:00,9.87,0.66,366.2,14.95454545,AQN,14.95454545
5/3/2018 16:00,9.92,0.66,366.2,15.03030303,AQN,15.03030303
5/4/2018 16:00,9.95,0.66,366.2,15.07575758,AQN,15.07575758
5/7/2018 16:00,9.99,0.66,366.2,15.13636364,AQN,15.13636364
5/8/2018 16:00,9.89,0.66,366.2,14.98484848,AQN,14.98484848
5/9/2018 16:00,9.77,0.66,366.2,14.8030303,AQN,14.8030303
5/10/2018 16:00,9.87,0.66,366.2,14.95454545,AQN,14.95454545
5/11/2018 16:00,9.93,0.66,366.2,15.04545455,AQN,15.04545455
5/14/2018 16:00,9.8,0.66,366.2,14.84848485,AQN,14.84848485
5/15/2018 16:00,9.71,0.66,366.2,14.71212121,AQN,14.71212121
5/16/2018 16:00,9.71,0.66,366.2,14.71212121,AQN,14.71212121
5/17/2018 16:00,9.62,0.66,366.2,14.57575758,AQN,14.57575758
5/18/2018 16:00,9.62,0.66,366.2,14.57575758,AQN,14.57575758
5/21/2018 16:00,9.78,0.66,366.2,14.81818182,AQN,14.81818182
5/22/2018 16:00,9.66,0.66,366.2,14.63636364,AQN,14.63636364
5/23/2018 16:00,9.77,0.66,366.2,14.8030303,AQN,14.8030303
5/24/2018 16:00,9.9,0.66,366.2,15,AQN,15
5/25/2018 16:00,9.9,0.66,366.2,15,AQN,15
5/29/2018 16:00,9.85,0.66,366.2,14.92424242,AQN,14.92424242
5/30/2018 16:00,9.91,0.66,366.2,15.01515152,AQN,15.01515152
5/31/2018 16:00,9.75,0.66,366.2,14.77272727,AQN,14.77272727
6/1/2018 16:00,9.79,0.66,366.2,14.83333333,AQN,14.83333333
6/4/2018 16:00,9.83,0.66,366.2,14.89393939,AQN,14.89393939
6/5/2018 16:00,9.7,0.66,366.2,14.6969697,AQN,14.6969697
6/6/2018 16:00,9.63,0.66,366.2,14.59090909,AQN,14.59090909
6/7/2018 16:00,9.52,0.66,366.2,14.42424242,AQN,14.42424242
6/8/2018 16:00,9.58,0.66,366.2,14.51515152,AQN,14.51515152
6/11/2018 16:00,9.59,0.66,366.2,14.53030303,AQN,14.53030303
6/12/2018 16:00,9.57,0.66,366.2,14.5,AQN,14.5
6/13/2018 16:00,9.59,0.66,366.2,14.53030303,AQN,14.53030303
6/14/2018 16:00,9.59,0.66,366.2,14.53030303,AQN,14.53030303
6/15/2018 16:00,9.62,0.66,366.2,14.57575758,AQN,14.57575758
6/18/2018 16:00,9.57,0.66,366.2,14.5,AQN,14.5
6/19/2018 16:00,9.57,0.66,366.2,14.5,AQN,14.5
6/20/2018 16:00,9.5,0.66,366.2,14.39393939,AQN,14.39393939
6/21/2018 16:00,9.55,0.66,366.2,14.46969697,AQN,14.46969697
6/22/2018 16:00,9.62,0.66,366.2,14.57575758,AQN,14.57575758
6/25/2018 16:00,9.67,0.66,366.2,14.65151515,AQN,14.65151515
6/26/2018 16:00,9.67,0.66,366.2,14.65151515,AQN,14.65151515
6/27/2018 16:00,9.64,0.66,366.2,14.60606061,AQN,14.60606061
6/28/2018 16:00,9.55,0.66,366.2,14.46969697,AQN,14.46969697
6/29/2018 16:00,9.67,0.66,366.2,14.65151515,AQN,14.65151515
7/2/2018 16:00,9.62,0.66,366.5,14.57575758,AQN,14.57575758
7/3/2018 13:00,9.65,0.66,366.5,14.62121212,AQN,14.62121212
7/5/2018 16:00,9.64,0.66,366.5,14.60606061,AQN,14.60606061
7/6/2018 16:00,9.65,0.66,366.5,14.62121212,AQN,14.62121212
7/9/2018 16:00,9.57,0.66,366.5,14.5,AQN,14.5
7/10/2018 16:00,9.59,0.66,366.5,14.53030303,AQN,14.53030303
7/11/2018 16:00,9.51,0.66,366.5,14.40909091,AQN,14.40909091
7/12/2018 16:00,9.65,0.66,366.5,14.62121212,AQN,14.62121212
7/13/2018 16:00,9.57,0.66,366.5,14.5,AQN,14.5
7/16/2018 16:00,9.6,0.66,366.5,14.54545455,AQN,14.54545455
7/17/2018 16:00,9.57,0.66,366.5,14.5,AQN,14.5
7/18/2018 16:00,9.6,0.66,366.5,14.54545455,AQN,14.54545455
7/19/2018 16:00,9.86,0.66,366.5,14.93939394,AQN,14.93939394
7/20/2018 16:00,9.84,0.66,366.5,14.90909091,AQN,14.90909091
7/23/2018 16:00,9.79,0.66,366.5,14.83333333,AQN,14.83333333
7/24/2018 16:00,9.81,0.66,366.5,14.86363636,AQN,14.86363636
7/25/2018 16:00,9.82,0.66,366.5,14.87878788,AQN,14.87878788
7/26/2018 16:00,9.85,0.66,366.5,14.92424242,AQN,14.92424242
7/27/2018 16:00,9.78,0.66,366.5,14.81818182,AQN,14.81818182
7/30/2018 16:00,9.81,0.66,366.5,14.86363636,AQN,14.86363636
7/31/2018 16:00,9.82,0.66,366.5,14.87878788,AQN,14.87878788
8/1/2018 16:00,9.86,0.66,366.5,14.93939394,AQN,14.93939394
8/2/2018 16:00,9.94,0.66,366.5,15.06060606,AQN,15.06060606
8/3/2018 16:00,10.07,0.66,366.5,15.25757576,AQN,15.25757576
8/6/2018 16:00,10.01,0.66,366.5,15.16666667,AQN,15.16666667
8/7/2018 16:00,10.09,0.66,366.5,15.28787879,AQN,15.28787879
8/8/2018 16:00,10.07,0.66,366.5,15.25757576,AQN,15.25757576
8/9/2018 16:00,10.23,0.66,366.5,15.5,AQN,15.5
8/10/2018 16:00,9.94,0.66,366.5,15.06060606,AQN,15.06060606
8/13/2018 16:00,9.99,0.66,366.5,15.13636364,AQN,15.13636364
8/14/2018 16:00,10.24,0.66,366.5,15.51515152,AQN,15.51515152
8/15/2018 16:00,10.17,0.66,366.5,15.40909091,AQN,15.40909091
8/16/2018 16:00,10.18,0.66,366.5,15.42424242,AQN,15.42424242
8/17/2018 16:00,10.43,0.66,366.5,15.8030303,AQN,15.8030303
8/20/2018 16:00,10.3,0.66,366.5,15.60606061,AQN,15.60606061
8/21/2018 16:00,10.22,0.66,366.5,15.48484848,AQN,15.48484848
8/22/2018 16:00,10.23,0.66,366.5,15.5,AQN,15.5
8/23/2018 16:00,10.14,0.66,366.5,15.36363636,AQN,15.36363636
8/24/2018 16:00,10.21,0.66,366.5,15.46969697,AQN,15.46969697
8/27/2018 16:00,10.32,0.66,366.5,15.63636364,AQN,15.63636364
8/28/2018 16:00,10.36,0.66,366.5,15.6969697,AQN,15.6969697
8/29/2018 16:00,10.36,0.66,366.5,15.6969697,AQN,15.6969697
8/30/2018 16:00,10.39,0.66,366.5,15.74242424,AQN,15.74242424
8/31/2018 16:00,10.35,0.66,366.5,15.68181818,AQN,15.68181818
9/4/2018 16:00,10.16,0.66,366.5,15.39393939,AQN,15.39393939
9/5/2018 16:00,10.32,0.66,366.5,15.63636364,AQN,15.63636364
9/6/2018 16:00,10.58,0.66,366.5,16.03030303,AQN,16.03030303
9/7/2018 16:00,10.35,0.66,366.5,15.68181818,AQN,15.68181818
9/10/2018 16:00,10.43,0.66,366.5,15.8030303,AQN,15.8030303
9/11/2018 16:00,10.37,0.66,366.5,15.71212121,AQN,15.71212121
9/12/2018 16:00,10.54,0.66,366.5,15.96969697,AQN,15.96969697
9/13/2018 16:00,10.55,0.66,366.5,15.98484848,AQN,15.98484848
9/14/2018 16:00,10.45,0.66,366.5,15.83333333,AQN,15.83333333
9/17/2018 16:00,10.56,0.66,366.5,16,AQN,16
9/18/2018 16:00,10.6,0.66,366.5,16.06060606,AQN,16.06060606
9/19/2018 16:00,10.55,0.66,366.5,15.98484848,AQN,15.98484848
9/20/2018 16:00,10.56,0.66,366.5,16,AQN,16
9/21/2018 16:00,10.63,0.66,366.5,16.10606061,AQN,16.10606061
9/24/2018 16:00,10.55,0.66,366.5,15.98484848,AQN,15.98484848
9/25/2018 16:00,10.45,0.66,366.5,15.83333333,AQN,15.83333333
9/26/2018 16:00,10.36,0.66,366.5,15.6969697,AQN,15.6969697
9/27/2018 16:00,10.27,0.66,366.5,15.56060606,AQN,15.56060606
9/28/2018 16:00,10.36,0.66,366.5,15.6969697,AQN,15.6969697
10/1/2018 16:00,10.34,0.66,419.9,15.66666667,AQN,15.66666667
10/2/2018 16:00,10.35,0.66,419.9,15.68181818,AQN,15.68181818
10/3/2018 16:00,10.23,0.66,419.9,15.5,AQN,15.5
10/4/2018 16:00,10.08,0.66,419.9,15.27272727,AQN,15.27272727
10/5/2018 16:00,9.94,0.66,419.9,15.06060606,AQN,15.06060606
10/8/2018 16:00,10,0.66,419.9,15.15151515,AQN,15.15151515
10/9/2018 16:00,10,0.66,419.9,15.15151515,AQN,15.15151515
10/10/2018 16:00,9.84,0.66,419.9,14.90909091,AQN,14.90909091
10/11/2018 16:00,9.79,0.66,419.9,14.83333333,AQN,14.83333333
10/12/2018 16:00,9.82,0.66,419.9,14.87878788,AQN,14.87878788
10/15/2018 16:00,9.85,0.66,419.9,14.92424242,AQN,14.92424242
10/16/2018 16:00,10.01,0.66,419.9,15.16666667,AQN,15.16666667
10/17/2018 16:00,9.98,0.66,419.9,15.12121212,AQN,15.12121212
10/18/2018 16:00,10.09,0.66,419.9,15.28787879,AQN,15.28787879
10/19/2018 16:00,10.15,0.66,419.9,15.37878788,AQN,15.37878788
10/22/2018 16:00,10.12,0.66,419.9,15.33333333,AQN,15.33333333
10/23/2018 16:00,10.05,0.66,419.9,15.22727273,AQN,15.22727273
10/24/2018 16:00,10.27,0.66,419.9,15.56060606,AQN,15.56060606
10/25/2018 16:00,10.16,0.66,419.9,15.39393939,AQN,15.39393939
10/26/2018 16:00,10.22,0.66,419.9,15.48484848,AQN,15.48484848
10/29/2018 16:00,10.13,0.66,419.9,15.34848485,AQN,15.34848485
10/30/2018 16:00,10.08,0.66,419.9,15.27272727,AQN,15.27272727
10/31/2018 16:00,9.98,0.66,419.9,15.12121212,AQN,15.12121212
11/1/2018 16:00,10.04,0.66,419.9,15.21212121,AQN,15.21212121
11/2/2018 16:00,9.97,0.66,419.9,15.10606061,AQN,15.10606061
11/5/2018 16:00,10.2,0.66,419.9,15.45454545,AQN,15.45454545
11/6/2018 16:00,10.37,0.66,419.9,15.71212121,AQN,15.71212121
11/7/2018 16:00,10.54,0.66,419.9,15.96969697,AQN,15.96969697
11/8/2018 16:00,10.49,0.66,419.9,15.89393939,AQN,15.89393939
11/9/2018 16:00,10.32,0.66,419.9,15.63636364,AQN,15.63636364
11/12/2018 16:00,10.4,0.66,419.9,15.75757576,AQN,15.75757576
11/13/2018 16:00,10.54,0.66,419.9,15.96969697,AQN,15.96969697
11/14/2018 16:00,10.66,0.66,419.9,16.15151515,AQN,16.15151515
11/15/2018 16:00,10.67,0.66,419.9,16.16666667,AQN,16.16666667
11/16/2018 16:00,10.55,0.66,419.9,15.98484848,AQN,15.98484848
11/19/2018 16:00,10.52,0.66,419.9,15.93939394,AQN,15.93939394
11/20/2018 16:00,10.36,0.66,419.9,15.6969697,AQN,15.6969697
11/21/2018 16:00,10.5,0.66,419.9,15.90909091,AQN,15.90909091
11/23/2018 13:00,10.52,0.66,419.9,15.93939394,AQN,15.93939394
11/26/2018 16:00,10.45,0.66,419.9,15.83333333,AQN,15.83333333
11/27/2018 16:00,10.44,0.66,419.9,15.81818182,AQN,15.81818182
11/28/2018 16:00,10.45,0.66,419.9,15.83333333,AQN,15.83333333
11/29/2018 16:00,10.53,0.66,419.9,15.95454545,AQN,15.95454545
11/30/2018 16:00,10.59,0.66,419.9,16.04545455,AQN,16.04545455
12/3/2018 16:00,10.7,0.66,419.9,16.21212121,AQN,16.21212121
12/4/2018 16:00,10.59,0.66,419.9,16.04545455,AQN,16.04545455
12/6/2018 16:00,10.69,0.66,419.9,16.1969697,AQN,16.1969697
12/7/2018 16:00,10.86,0.66,419.9,16.45454545,AQN,16.45454545
12/10/2018 16:00,10.74,0.66,419.9,16.27272727,AQN,16.27272727
12/11/2018 16:00,10.84,0.66,419.9,16.42424242,AQN,16.42424242
12/12/2018 16:00,10.61,0.66,419.9,16.07575758,AQN,16.07575758
12/13/2018 16:00,10.85,0.66,419.9,16.43939394,AQN,16.43939394
12/14/2018 16:00,10.59,0.66,419.9,16.04545455,AQN,16.04545455
12/17/2018 16:00,10.48,0.66,419.9,15.87878788,AQN,15.87878788
12/18/2018 16:00,10.54,0.66,419.9,15.96969697,AQN,15.96969697
12/19/2018 16:00,10.34,0.66,419.9,15.66666667,AQN,15.66666667
12/20/2018 16:00,10.29,0.66,419.9,15.59090909,AQN,15.59090909
12/21/2018 16:00,10.1,0.66,419.9,15.3030303,AQN,15.3030303
12/24/2018 13:00,9.83,0.66,419.9,14.89393939,AQN,14.89393939
12/26/2018 16:00,9.93,0.66,419.9,15.04545455,AQN,15.04545455
12/27/2018 16:00,10.05,0.66,419.9,15.22727273,AQN,15.22727273
12/28/2018 16:00,9.91,0.66,419.9,15.01515152,AQN,15.01515152
12/31/2018 16:00,10.05,0.66,419.9,15.22727273,AQN,15.22727273
1/2/2019 16:00,9.96,0.63,477.2,15.80952381,AQN,15.80952381
1/3/2019 16:00,10.04,0.63,477.2,15.93650794,AQN,15.93650794
1/4/2019 16:00,10.1,0.63,477.2,16.03174603,AQN,16.03174603
1/7/2019 16:00,10.26,0.63,477.2,16.28571429,AQN,16.28571429
1/8/2019 16:00,10.38,0.63,477.2,16.47619048,AQN,16.47619048
1/9/2019 16:00,10.42,0.63,477.2,16.53968254,AQN,16.53968254
1/10/2019 16:00,10.46,0.63,477.2,16.6031746,AQN,16.6031746
1/11/2019 16:00,10.44,0.63,477.2,16.57142857,AQN,16.57142857
1/14/2019 16:00,10.32,0.63,477.2,16.38095238,AQN,16.38095238
1/15/2019 16:00,10.59,0.63,477.2,16.80952381,AQN,16.80952381
1/16/2019 16:00,10.55,0.63,477.2,16.74603175,AQN,16.74603175
1/17/2019 16:00,10.58,0.63,477.2,16.79365079,AQN,16.79365079
1/18/2019 16:00,10.66,0.63,477.2,16.92063492,AQN,16.92063492
1/22/2019 16:00,10.63,0.63,477.2,16.87301587,AQN,16.87301587
1/23/2019 16:00,10.64,0.63,477.2,16.88888889,AQN,16.88888889
1/24/2019 16:00,10.82,0.63,477.2,17.17460317,AQN,17.17460317
1/25/2019 16:00,10.93,0.63,477.2,17.34920635,AQN,17.34920635
1/28/2019 16:00,10.82,0.63,477.2,17.17460317,AQN,17.17460317
1/29/2019 16:00,10.86,0.63,477.2,17.23809524,AQN,17.23809524
1/30/2019 16:00,10.97,0.63,477.2,17.41269841,AQN,17.41269841
1/31/2019 16:00,11.04,0.63,477.2,17.52380952,AQN,17.52380952
2/1/2019 16:00,11.06,0.63,477.2,17.55555556,AQN,17.55555556
2/4/2019 16:00,11.06,0.63,477.2,17.55555556,AQN,17.55555556
2/5/2019 16:00,11.15,0.63,477.2,17.6984127,AQN,17.6984127
2/6/2019 16:00,11.1,0.63,477.2,17.61904762,AQN,17.61904762
2/7/2019 16:00,11.15,0.63,477.2,17.6984127,AQN,17.6984127
2/8/2019 16:00,11.08,0.63,477.2,17.58730159,AQN,17.58730159
2/11/2019 16:00,10.93,0.63,477.2,17.34920635,AQN,17.34920635
2/12/2019 16:00,10.92,0.63,477.2,17.33333333,AQN,17.33333333
2/13/2019 16:00,10.81,0.63,477.2,17.15873016,AQN,17.15873016
2/14/2019 16:00,10.8,0.63,477.2,17.14285714,AQN,17.14285714
2/15/2019 16:00,10.75,0.63,477.2,17.06349206,AQN,17.06349206
2/19/2019 16:00,10.93,0.63,477.2,17.34920635,AQN,17.34920635
2/20/2019 16:00,10.87,0.63,477.2,17.25396825,AQN,17.25396825
2/21/2019 16:00,11,0.63,477.2,17.46031746,AQN,17.46031746
2/22/2019 16:00,11.06,0.63,477.2,17.55555556,AQN,17.55555556
2/25/2019 16:00,10.97,0.63,477.2,17.41269841,AQN,17.41269841
2/26/2019 16:00,11.12,0.63,477.2,17.65079365,AQN,17.65079365
2/27/2019 16:00,11.03,0.63,477.2,17.50793651,AQN,17.50793651
2/28/2019 16:00,11.09,0.63,477.2,17.6031746,AQN,17.6031746
3/1/2019 16:00,11.04,0.63,477.2,17.52380952,AQN,17.52380952
3/4/2019 16:00,11.24,0.63,477.2,17.84126984,AQN,17.84126984
3/5/2019 16:00,11.23,0.63,477.2,17.82539683,AQN,17.82539683
3/6/2019 16:00,11.18,0.63,477.2,17.74603175,AQN,17.74603175
3/7/2019 16:00,11.19,0.63,477.2,17.76190476,AQN,17.76190476
3/8/2019 16:00,11.14,0.63,477.2,17.68253968,AQN,17.68253968
3/11/2019 16:00,11.16,0.63,477.2,17.71428571,AQN,17.71428571
3/12/2019 16:00,11.3,0.63,477.2,17.93650794,AQN,17.93650794
3/13/2019 16:00,11.25,0.63,477.2,17.85714286,AQN,17.85714286
3/14/2019 16:00,11.22,0.63,477.2,17.80952381,AQN,17.80952381
3/15/2019 16:00,11.23,0.63,477.2,17.82539683,AQN,17.82539683
3/18/2019 16:00,11.22,0.63,477.2,17.80952381,AQN,17.80952381
3/19/2019 16:00,11.08,0.63,477.2,17.58730159,AQN,17.58730159
3/20/2019 16:00,11.19,0.63,477.2,17.76190476,AQN,17.76190476
3/21/2019 16:00,11.19,0.63,477.2,17.76190476,AQN,17.76190476
3/22/2019 16:00,11.28,0.63,477.2,17.9047619,AQN,17.9047619
3/25/2019 16:00,11.29,0.63,477.2,17.92063492,AQN,17.92063492
3/26/2019 16:00,11.37,0.63,477.2,18.04761905,AQN,18.04761905
3/27/2019 16:00,11.38,0.63,477.2,18.06349206,AQN,18.06349206
3/28/2019 16:00,11.16,0.63,477.2,17.71428571,AQN,17.71428571
3/29/2019 16:00,11.27,0.63,477.2,17.88888889,AQN,17.88888889
4/1/2019 16:00,11.22,0.63,343.6,17.80952381,AQN,17.80952381
4/2/2019 16:00,11.29,0.63,343.6,17.92063492,AQN,17.92063492
4/3/2019 16:00,11.34,0.63,343.6,18,AQN,18
4/4/2019 16:00,11.31,0.63,343.6,17.95238095,AQN,17.95238095
4/5/2019 16:00,11.38,0.63,343.6,18.06349206,AQN,18.06349206
4/8/2019 16:00,11.4,0.63,343.6,18.0952381,AQN,18.0952381
4/9/2019 16:00,11.43,0.63,343.6,18.14285714,AQN,18.14285714
4/10/2019 16:00,11.48,0.63,343.6,18.22222222,AQN,18.22222222
4/11/2019 16:00,11.46,0.63,343.6,18.19047619,AQN,18.19047619
4/12/2019 16:00,11.48,0.63,343.6,18.22222222,AQN,18.22222222
4/15/2019 16:00,11.46,0.63,343.6,18.19047619,AQN,18.19047619
4/16/2019 16:00,11.4,0.63,343.6,18.0952381,AQN,18.0952381
4/17/2019 16:00,11.47,0.63,343.6,18.20634921,AQN,18.20634921
4/18/2019 16:00,11.46,0.63,343.6,18.19047619,AQN,18.19047619
4/22/2019 16:00,11.49,0.63,343.6,18.23809524,AQN,18.23809524
4/23/2019 16:00,11.42,0.63,343.6,18.12698413,AQN,18.12698413
4/24/2019 16:00,11.36,0.63,343.6,18.03174603,AQN,18.03174603
4/25/2019 16:00,11.4,0.63,343.6,18.0952381,AQN,18.0952381
4/26/2019 16:00,11.37,0.63,343.6,18.04761905,AQN,18.04761905
4/29/2019 16:00,11.29,0.63,343.6,17.92063492,AQN,17.92063492
4/30/2019 16:00,11.4,0.63,343.6,18.0952381,AQN,18.0952381
5/1/2019 16:00,11.28,0.63,343.6,17.9047619,AQN,17.9047619
5/2/2019 16:00,11.29,0.63,343.6,17.92063492,AQN,17.92063492
5/3/2019 16:00,11.32,0.63,343.6,17.96825397,AQN,17.96825397
5/6/2019 16:00,11.31,0.63,343.6,17.95238095,AQN,17.95238095
5/7/2019 16:00,11.25,0.63,343.6,17.85714286,AQN,17.85714286
5/8/2019 16:00,11.29,0.63,343.6,17.92063492,AQN,17.92063492
5/9/2019 16:00,11.34,0.63,343.6,18,AQN,18
5/10/2019 16:00,11.38,0.63,343.6,18.06349206,AQN,18.06349206
5/13/2019 16:00,11.38,0.63,343.6,18.06349206,AQN,18.06349206
5/14/2019 16:00,11.34,0.63,343.6,18,AQN,18
5/15/2019 16:00,11.52,0.63,343.6,18.28571429,AQN,18.28571429
5/16/2019 16:00,11.59,0.63,343.6,18.3968254,AQN,18.3968254
5/17/2019 16:00,11.66,0.63,343.6,18.50793651,AQN,18.50793651
5/20/2019 16:00,11.69,0.63,343.6,18.55555556,AQN,18.55555556
5/21/2019 16:00,11.65,0.63,343.6,18.49206349,AQN,18.49206349
5/22/2019 16:00,11.66,0.63,343.6,18.50793651,AQN,18.50793651
5/23/2019 16:00,11.72,0.63,343.6,18.6031746,AQN,18.6031746
5/24/2019 16:00,11.75,0.63,343.6,18.65079365,AQN,18.65079365
5/28/2019 16:00,11.79,0.63,343.6,18.71428571,AQN,18.71428571
5/29/2019 16:00,11.71,0.63,343.6,18.58730159,AQN,18.58730159
5/30/2019 16:00,11.69,0.63,343.6,18.55555556,AQN,18.55555556
5/31/2019 16:00,11.65,0.63,343.6,18.49206349,AQN,18.49206349
6/3/2019 16:00,11.75,0.63,343.6,18.65079365,AQN,18.65079365
6/4/2019 16:00,11.8,0.63,343.6,18.73015873,AQN,18.73015873
6/5/2019 16:00,11.95,0.63,343.6,18.96825397,AQN,18.96825397
6/6/2019 16:00,12.16,0.63,343.6,19.3015873,AQN,19.3015873
6/7/2019 16:00,12.27,0.63,343.6,19.47619048,AQN,19.47619048
6/10/2019 16:00,12.11,0.63,343.6,19.22222222,AQN,19.22222222
6/11/2019 16:00,12.13,0.63,343.6,19.25396825,AQN,19.25396825
6/12/2019 16:00,12.16,0.63,343.6,19.3015873,AQN,19.3015873
6/13/2019 16:00,12.16,0.63,343.6,19.3015873,AQN,19.3015873
6/14/2019 16:00,12.18,0.63,343.6,19.33333333,AQN,19.33333333
6/17/2019 16:00,12.22,0.63,343.6,19.3968254,AQN,19.3968254
6/18/2019 16:00,12.23,0.63,343.6,19.41269841,AQN,19.41269841
6/19/2019 16:00,12.36,0.63,343.6,19.61904762,AQN,19.61904762
6/20/2019 16:00,12.5,0.63,343.6,19.84126984,AQN,19.84126984
6/21/2019 16:00,12.47,0.63,343.6,19.79365079,AQN,19.79365079
6/24/2019 16:00,12.44,0.63,343.6,19.74603175,AQN,19.74603175
6/25/2019 16:00,12.39,0.63,343.6,19.66666667,AQN,19.66666667
6/26/2019 16:00,12.31,0.63,343.6,19.53968254,AQN,19.53968254
6/27/2019 16:00,12.09,0.63,343.6,19.19047619,AQN,19.19047619
6/28/2019 16:00,12.11,0.63,343.6,19.22222222,AQN,19.22222222
7/1/2019 16:00,12.04,0.63,365.6,19.11111111,AQN,19.11111111
7/2/2019 16:00,12.18,0.63,365.6,19.33333333,AQN,19.33333333
7/3/2019 13:00,12.37,0.63,365.6,19.63492063,AQN,19.63492063
7/5/2019 16:00,12.32,0.63,365.6,19.55555556,AQN,19.55555556
7/8/2019 16:00,12.34,0.63,365.6,19.58730159,AQN,19.58730159
7/9/2019 16:00,12.35,0.63,365.6,19.6031746,AQN,19.6031746
7/10/2019 16:00,12.41,0.63,365.6,19.6984127,AQN,19.6984127
7/11/2019 16:00,12.45,0.63,365.6,19.76190476,AQN,19.76190476
7/12/2019 16:00,12.46,0.63,365.6,19.77777778,AQN,19.77777778
7/15/2019 16:00,12.4,0.63,365.6,19.68253968,AQN,19.68253968
7/16/2019 16:00,12.43,0.63,365.6,19.73015873,AQN,19.73015873
7/17/2019 16:00,12.54,0.63,365.6,19.9047619,AQN,19.9047619
7/18/2019 16:00,12.64,0.63,365.6,20.06349206,AQN,20.06349206
7/19/2019 16:00,12.54,0.63,365.6,19.9047619,AQN,19.9047619
7/22/2019 16:00,12.5,0.63,365.6,19.84126984,AQN,19.84126984
7/23/2019 16:00,12.5,0.63,365.6,19.84126984,AQN,19.84126984
7/24/2019 16:00,12.43,0.63,365.6,19.73015873,AQN,19.73015873
7/25/2019 16:00,12.46,0.63,365.6,19.77777778,AQN,19.77777778
7/26/2019 16:00,12.51,0.63,365.6,19.85714286,AQN,19.85714286
7/29/2019 16:00,12.58,0.63,365.6,19.96825397,AQN,19.96825397
7/30/2019 16:00,12.54,0.63,365.6,19.9047619,AQN,19.9047619
7/31/2019 16:00,12.45,0.63,365.6,19.76190476,AQN,19.76190476
8/1/2019 16:00,12.63,0.63,365.6,20.04761905,AQN,20.04761905
8/2/2019 16:00,12.76,0.63,365.6,20.25396825,AQN,20.25396825
8/5/2019 16:00,12.61,0.63,365.6,20.01587302,AQN,20.01587302
8/6/2019 16:00,12.8,0.63,365.6,20.31746032,AQN,20.31746032
8/7/2019 16:00,12.88,0.63,365.6,20.44444444,AQN,20.44444444
8/8/2019 16:00,12.94,0.63,365.6,20.53968254,AQN,20.53968254
8/9/2019 16:00,12.97,0.63,365.6,20.58730159,AQN,20.58730159
8/12/2019 16:00,12.9,0.63,365.6,20.47619048,AQN,20.47619048
8/13/2019 16:00,12.98,0.63,365.6,20.6031746,AQN,20.6031746
8/14/2019 16:00,12.91,0.63,365.6,20.49206349,AQN,20.49206349
8/15/2019 16:00,12.9,0.63,365.6,20.47619048,AQN,20.47619048
8/16/2019 16:00,12.88,0.63,365.6,20.44444444,AQN,20.44444444
8/19/2019 16:00,12.93,0.63,365.6,20.52380952,AQN,20.52380952
8/20/2019 16:00,12.94,0.63,365.6,20.53968254,AQN,20.53968254
8/21/2019 16:00,12.98,0.63,365.6,20.6031746,AQN,20.6031746
8/22/2019 16:00,12.92,0.63,365.6,20.50793651,AQN,20.50793651
8/23/2019 16:00,12.81,0.63,365.6,20.33333333,AQN,20.33333333
8/26/2019 16:00,12.86,0.63,365.6,20.41269841,AQN,20.41269841
8/27/2019 16:00,12.91,0.63,365.6,20.49206349,AQN,20.49206349
8/28/2019 16:00,12.98,0.63,365.6,20.6031746,AQN,20.6031746
8/29/2019 16:00,13.01,0.63,365.6,20.65079365,AQN,20.65079365
8/30/2019 16:00,13.07,0.63,365.6,20.74603175,AQN,20.74603175
9/3/2019 16:00,13.17,0.63,365.6,20.9047619,AQN,20.9047619
9/4/2019 16:00,13.37,0.63,365.6,21.22222222,AQN,21.22222222
9/5/2019 16:00,13.3,0.63,365.6,21.11111111,AQN,21.11111111
9/6/2019 16:00,13.3,0.63,365.6,21.11111111,AQN,21.11111111
9/9/2019 16:00,13.26,0.63,365.6,21.04761905,AQN,21.04761905
9/10/2019 16:00,13.18,0.63,365.6,20.92063492,AQN,20.92063492
9/11/2019 16:00,13.15,0.63,365.6,20.87301587,AQN,20.87301587
9/12/2019 16:00,13.45,0.63,365.6,21.34920635,AQN,21.34920635
9/13/2019 16:00,13.34,0.63,365.6,21.17460317,AQN,21.17460317
9/16/2019 16:00,13.49,0.63,365.6,21.41269841,AQN,21.41269841
9/17/2019 16:00,13.54,0.63,365.6,21.49206349,AQN,21.49206349
9/18/2019 16:00,13.46,0.63,365.6,21.36507937,AQN,21.36507937
9/19/2019 16:00,13.52,0.63,365.6,21.46031746,AQN,21.46031746
9/20/2019 16:00,13.6,0.63,365.6,21.58730159,AQN,21.58730159
9/23/2019 16:00,13.58,0.63,365.6,21.55555556,AQN,21.55555556
9/24/2019 16:00,13.81,0.63,365.6,21.92063492,AQN,21.92063492
9/25/2019 16:00,13.76,0.63,365.6,21.84126984,AQN,21.84126984
9/26/2019 16:00,13.84,0.63,365.6,21.96825397,AQN,21.96825397
9/27/2019 16:00,13.65,0.63,365.6,21.66666667,AQN,21.66666667
9/30/2019 16:00,13.7,0.63,365.6,21.74603175,AQN,21.74603175
10/1/2019 16:00,13.65,0.63,439.7,21.66666667,AQN,21.66666667
10/2/2019 16:00,13.53,0.63,439.7,21.47619048,AQN,21.47619048
10/3/2019 16:00,13.74,0.63,439.7,21.80952381,AQN,21.80952381
10/4/2019 16:00,13.94,0.63,439.7,22.12698413,AQN,22.12698413
10/7/2019 16:00,14.06,0.63,439.7,22.31746032,AQN,22.31746032
10/8/2019 16:00,14.03,0.63,439.7,22.26984127,AQN,22.26984127
10/9/2019 16:00,13.81,0.63,439.7,21.92063492,AQN,21.92063492
10/10/2019 16:00,13.88,0.63,439.7,22.03174603,AQN,22.03174603
10/11/2019 16:00,13.63,0.63,439.7,21.63492063,AQN,21.63492063
10/14/2019 16:00,13.33,0.63,439.7,21.15873016,AQN,21.15873016
10/15/2019 16:00,13.52,0.63,439.7,21.46031746,AQN,21.46031746
10/16/2019 16:00,13.49,0.63,439.7,21.41269841,AQN,21.41269841
10/17/2019 16:00,13.55,0.63,439.7,21.50793651,AQN,21.50793651
10/18/2019 16:00,13.67,0.63,439.7,21.6984127,AQN,21.6984127
10/21/2019 16:00,13.88,0.63,439.7,22.03174603,AQN,22.03174603
10/22/2019 16:00,13.86,0.63,439.7,22,AQN,22
10/23/2019 16:00,13.91,0.63,439.7,22.07936508,AQN,22.07936508
10/24/2019 16:00,14.02,0.63,439.7,22.25396825,AQN,22.25396825
10/25/2019 16:00,13.7,0.63,439.7,21.74603175,AQN,21.74603175
10/28/2019 16:00,13.51,0.63,439.7,21.44444444,AQN,21.44444444
10/29/2019 16:00,13.45,0.63,439.7,21.34920635,AQN,21.34920635
10/30/2019 16:00,13.59,0.63,439.7,21.57142857,AQN,21.57142857
10/31/2019 16:00,13.72,0.63,439.7,21.77777778,AQN,21.77777778
11/1/2019 16:00,13.73,0.63,439.7,21.79365079,AQN,21.79365079
11/4/2019 16:00,13.61,0.63,439.7,21.6031746,AQN,21.6031746
11/5/2019 16:00,13.4,0.63,439.7,21.26984127,AQN,21.26984127
11/6/2019 16:00,13.54,0.63,439.7,21.49206349,AQN,21.49206349
11/7/2019 16:00,13.47,0.63,439.7,21.38095238,AQN,21.38095238
11/8/2019 16:00,13.46,0.63,439.7,21.36507937,AQN,21.36507937
11/11/2019 16:00,13.55,0.63,439.7,21.50793651,AQN,21.50793651
11/12/2019 16:00,13.5,0.63,439.7,21.42857143,AQN,21.42857143
11/13/2019 16:00,13.59,0.63,439.7,21.57142857,AQN,21.57142857
11/14/2019 16:00,13.77,0.63,439.7,21.85714286,AQN,21.85714286
11/15/2019 16:00,13.81,0.63,439.7,21.92063492,AQN,21.92063492
11/18/2019 16:00,13.92,0.63,439.7,22.0952381,AQN,22.0952381
11/19/2019 16:00,13.84,0.63,439.7,21.96825397,AQN,21.96825397
11/20/2019 16:00,13.86,0.63,439.7,22,AQN,22
11/21/2019 16:00,13.89,0.63,439.7,22.04761905,AQN,22.04761905
11/22/2019 16:00,13.92,0.63,439.7,22.0952381,AQN,22.0952381
11/25/2019 16:00,13.72,0.63,439.7,21.77777778,AQN,21.77777778
11/26/2019 16:00,13.78,0.63,439.7,21.87301587,AQN,21.87301587
11/27/2019 16:00,13.92,0.63,439.7,22.0952381,AQN,22.0952381
11/29/2019 13:00,13.96,0.63,439.7,22.15873016,AQN,22.15873016
12/2/2019 16:00,14.04,0.63,439.7,22.28571429,AQN,22.28571429
12/3/2019 16:00,14.2,0.63,439.7,22.53968254,AQN,22.53968254
12/4/2019 16:00,14.31,0.63,439.7,22.71428571,AQN,22.71428571
12/5/2019 16:00,14.34,0.63,439.7,22.76190476,AQN,22.76190476
12/6/2019 16:00,14.22,0.63,439.7,22.57142857,AQN,22.57142857
12/9/2019 16:00,14.28,0.63,439.7,22.66666667,AQN,22.66666667
12/10/2019 16:00,14.29,0.63,439.7,22.68253968,AQN,22.68253968
12/11/2019 16:00,14.27,0.63,439.7,22.65079365,AQN,22.65079365
12/12/2019 16:00,14.04,0.63,439.7,22.28571429,AQN,22.28571429
12/13/2019 16:00,14.07,0.63,439.7,22.33333333,AQN,22.33333333
12/16/2019 16:00,14.25,0.63,439.7,22.61904762,AQN,22.61904762
12/17/2019 16:00,14.11,0.63,439.7,22.3968254,AQN,22.3968254
12/18/2019 16:00,14.07,0.63,439.7,22.33333333,AQN,22.33333333
12/19/2019 16:00,14.08,0.63,439.7,22.34920635,AQN,22.34920635
12/20/2019 16:00,14.13,0.63,439.7,22.42857143,AQN,22.42857143
12/23/2019 16:00,14.09,0.63,439.7,22.36507937,AQN,22.36507937
12/24/2019 13:00,14.13,0.63,439.7,22.42857143,AQN,22.42857143
12/26/2019 16:00,14.17,0.63,439.7,22.49206349,AQN,22.49206349
12/27/2019 16:00,14.25,0.63,439.7,22.61904762,AQN,22.61904762
12/30/2019 16:00,14.07,0.63,439.7,22.33333333,AQN,22.33333333
12/31/2019 16:00,14.15,0.63,439.7,22.46031746,AQN,22.46031746
1/2/2020 16:00,14.04,0.64,464.9,21.9375,AQN,21.9375
1/3/2020 16:00,14.13,0.64,464.9,22.078125,AQN,22.078125
1/6/2020 16:00,14.16,0.64,464.9,22.125,AQN,22.125
1/7/2020 16:00,14.18,0.64,464.9,22.15625,AQN,22.15625
1/8/2020 16:00,14.04,0.64,464.9,21.9375,AQN,21.9375
1/9/2020 16:00,14.25,0.64,464.9,22.265625,AQN,22.265625
1/10/2020 16:00,14.31,0.64,464.9,22.359375,AQN,22.359375
1/13/2020 16:00,14.39,0.64,464.9,22.484375,AQN,22.484375
1/14/2020 16:00,14.35,0.64,464.9,22.421875,AQN,22.421875
1/15/2020 16:00,14.53,0.64,464.9,22.703125,AQN,22.703125
1/16/2020 16:00,14.62,0.64,464.9,22.84375,AQN,22.84375
1/17/2020 16:00,14.77,0.64,464.9,23.078125,AQN,23.078125
1/21/2020 16:00,14.95,0.64,464.9,23.359375,AQN,23.359375
1/22/2020 16:00,14.99,0.64,464.9,23.421875,AQN,23.421875
1/23/2020 16:00,15.1,0.64,464.9,23.59375,AQN,23.59375
1/24/2020 16:00,15.1,0.64,464.9,23.59375,AQN,23.59375
1/27/2020 16:00,15.11,0.64,464.9,23.609375,AQN,23.609375
1/28/2020 16:00,15.14,0.64,464.9,23.65625,AQN,23.65625
1/29/2020 16:00,15.22,0.64,464.9,23.78125,AQN,23.78125
1/30/2020 16:00,15.35,0.64,464.9,23.984375,AQN,23.984375
1/31/2020 16:00,15.31,0.64,464.9,23.921875,AQN,23.921875
2/3/2020 16:00,15.4,0.64,464.9,24.0625,AQN,24.0625
2/4/2020 16:00,15.36,0.64,464.9,24,AQN,24
2/5/2020 16:00,15.45,0.64,464.9,24.140625,AQN,24.140625
2/6/2020 16:00,15.07,0.64,464.9,23.546875,AQN,23.546875
2/7/2020 16:00,15.57,0.64,464.9,24.328125,AQN,24.328125
2/10/2020 16:00,15.78,0.64,464.9,24.65625,AQN,24.65625
2/11/2020 16:00,16.02,0.64,464.9,25.03125,AQN,25.03125
2/12/2020 16:00,16.12,0.64,464.9,25.1875,AQN,25.1875
2/13/2020 16:00,16.28,0.64,464.9,25.4375,AQN,25.4375
2/14/2020 16:00,16.47,0.64,464.9,25.734375,AQN,25.734375
2/18/2020 16:00,16.49,0.64,464.9,25.765625,AQN,25.765625
2/19/2020 16:00,16.57,0.64,464.9,25.890625,AQN,25.890625
2/20/2020 16:00,16.56,0.64,464.9,25.875,AQN,25.875
2/21/2020 16:00,16.78,0.64,464.9,26.21875,AQN,26.21875
2/24/2020 16:00,16.55,0.64,464.9,25.859375,AQN,25.859375
2/25/2020 16:00,16.27,0.64,464.9,25.421875,AQN,25.421875
2/26/2020 16:00,16.17,0.64,464.9,25.265625,AQN,25.265625
2/27/2020 16:00,15.25,0.64,464.9,23.828125,AQN,23.828125
2/28/2020 16:00,14.92,0.64,464.9,23.3125,AQN,23.3125
3/2/2020 16:00,15.62,0.64,464.9,24.40625,AQN,24.40625
3/3/2020 16:00,16.01,0.64,464.9,25.015625,AQN,25.015625
3/4/2020 16:00,16.61,0.64,464.9,25.953125,AQN,25.953125
3/5/2020 16:00,16.57,0.64,464.9,25.890625,AQN,25.890625
3/6/2020 16:00,16.48,0.64,464.9,25.75,AQN,25.75
3/9/2020 16:00,14.91,0.64,464.9,23.296875,AQN,23.296875
3/10/2020 16:00,14.51,0.64,464.9,22.671875,AQN,22.671875
3/11/2020 16:00,13.65,0.64,464.9,21.328125,AQN,21.328125
3/12/2020 16:00,11.8,0.64,464.9,18.4375,AQN,18.4375
3/13/2020 16:00,13.08,0.64,464.9,20.4375,AQN,20.4375
3/16/2020 16:00,11.63,0.64,464.9,18.171875,AQN,18.171875
3/17/2020 16:00,12.54,0.64,464.9,19.59375,AQN,19.59375
3/18/2020 16:00,11.73,0.64,464.9,18.328125,AQN,18.328125
3/19/2020 16:00,11.98,0.64,464.9,18.71875,AQN,18.71875
3/20/2020 16:00,11.25,0.64,464.9,17.578125,AQN,17.578125
3/23/2020 16:00,9.59,0.64,464.9,14.984375,AQN,14.984375
3/24/2020 16:00,10.55,0.64,464.9,16.484375,AQN,16.484375
3/25/2020 16:00,12,0.64,464.9,18.75,AQN,18.75
3/26/2020 16:00,12.93,0.64,464.9,20.203125,AQN,20.203125
3/27/2020 16:00,12.52,0.64,464.9,19.5625,AQN,19.5625
3/30/2020 16:00,12.62,0.64,464.9,19.71875,AQN,19.71875
3/31/2020 16:00,13.4,0.64,464.9,20.9375,AQN,20.9375
4/1/2020 16:00,12.54,0.64,343.6,19.59375,AQN,19.59375
4/2/2020 16:00,12.61,0.64,343.6,19.703125,AQN,19.703125
4/3/2020 16:00,12.61,0.64,343.6,19.703125,AQN,19.703125
4/6/2020 16:00,13.67,0.64,343.6,21.359375,AQN,21.359375
4/7/2020 16:00,13.47,0.64,343.6,21.046875,AQN,21.046875
4/8/2020 16:00,13.7,0.64,343.6,21.40625,AQN,21.40625
4/9/2020 16:00,14.04,0.64,343.6,21.9375,AQN,21.9375
4/13/2020 16:00,14.11,0.64,343.6,22.046875,AQN,22.046875
4/14/2020 16:00,14.38,0.64,343.6,22.46875,AQN,22.46875
4/15/2020 16:00,13.62,0.64,343.6,21.28125,AQN,21.28125
4/16/2020 16:00,13.67,0.64,343.6,21.359375,AQN,21.359375
4/17/2020 16:00,14.1,0.64,343.6,22.03125,AQN,22.03125
4/20/2020 16:00,14.02,0.64,343.6,21.90625,AQN,21.90625
4/21/2020 16:00,13.58,0.64,343.6,21.21875,AQN,21.21875
4/22/2020 16:00,13.8,0.64,343.6,21.5625,AQN,21.5625
4/23/2020 16:00,13.46,0.64,343.6,21.03125,AQN,21.03125
4/24/2020 16:00,13.51,0.64,343.6,21.109375,AQN,21.109375
4/27/2020 16:00,13.84,0.64,343.6,21.625,AQN,21.625
4/28/2020 16:00,14.19,0.64,343.6,22.171875,AQN,22.171875
4/29/2020 16:00,14.43,0.64,343.6,22.546875,AQN,22.546875
4/30/2020 16:00,13.85,0.64,343.6,21.640625,AQN,21.640625
5/1/2020 16:00,13.37,0.64,343.6,20.890625,AQN,20.890625
5/4/2020 16:00,13.41,0.64,343.6,20.953125,AQN,20.953125
5/5/2020 16:00,13.74,0.64,343.6,21.46875,AQN,21.46875
5/6/2020 16:00,13.6,0.64,343.6,21.25,AQN,21.25
5/7/2020 16:00,13.67,0.64,343.6,21.359375,AQN,21.359375
5/8/2020 16:00,13.64,0.64,343.6,21.3125,AQN,21.3125
5/11/2020 16:00,13.83,0.64,343.6,21.609375,AQN,21.609375
5/12/2020 16:00,13.46,0.64,343.6,21.03125,AQN,21.03125
5/13/2020 16:00,13.19,0.64,343.6,20.609375,AQN,20.609375
5/14/2020 16:00,13.29,0.64,343.6,20.765625,AQN,20.765625
5/15/2020 16:00,13.31,0.64,343.6,20.796875,AQN,20.796875
5/18/2020 16:00,13.73,0.64,343.6,21.453125,AQN,21.453125
5/19/2020 16:00,13.76,0.64,343.6,21.5,AQN,21.5
5/20/2020 16:00,13.45,0.64,343.6,21.015625,AQN,21.015625
5/21/2020 16:00,13.29,0.64,343.6,20.765625,AQN,20.765625
5/22/2020 16:00,13.43,0.64,343.6,20.984375,AQN,20.984375
5/26/2020 16:00,13.75,0.64,343.6,21.484375,AQN,21.484375
5/27/2020 16:00,13.77,0.64,343.6,21.515625,AQN,21.515625
5/28/2020 16:00,14.08,0.64,343.6,22,AQN,22
5/29/2020 16:00,14,0.64,343.6,21.875,AQN,21.875
6/1/2020 16:00,14.22,0.64,343.6,22.21875,AQN,22.21875
6/2/2020 16:00,14.21,0.64,343.6,22.203125,AQN,22.203125
6/3/2020 16:00,14.64,0.64,343.6,22.875,AQN,22.875
6/4/2020 16:00,14.42,0.64,343.6,22.53125,AQN,22.53125
6/5/2020 16:00,14.42,0.64,343.6,22.53125,AQN,22.53125
6/8/2020 16:00,14.5,0.64,343.6,22.65625,AQN,22.65625
6/9/2020 16:00,14.32,0.64,343.6,22.375,AQN,22.375
6/10/2020 16:00,14.19,0.64,343.6,22.171875,AQN,22.171875
6/11/2020 16:00,13.34,0.64,343.6,20.84375,AQN,20.84375
6/12/2020 16:00,13.81,0.64,343.6,21.578125,AQN,21.578125
6/15/2020 16:00,14.15,0.64,343.6,22.109375,AQN,22.109375
6/16/2020 16:00,14.01,0.64,343.6,21.890625,AQN,21.890625
6/17/2020 16:00,13.87,0.64,343.6,21.671875,AQN,21.671875
6/18/2020 16:00,13.86,0.64,343.6,21.65625,AQN,21.65625
6/19/2020 16:00,13.43,0.64,343.6,20.984375,AQN,20.984375
6/22/2020 16:00,13.46,0.64,343.6,21.03125,AQN,21.03125
6/23/2020 16:00,13.4,0.64,343.6,20.9375,AQN,20.9375
6/24/2020 16:00,13.19,0.64,343.6,20.609375,AQN,20.609375
6/25/2020 16:00,13.06,0.64,343.6,20.40625,AQN,20.40625
6/26/2020 16:00,12.68,0.64,343.6,19.8125,AQN,19.8125
6/29/2020 16:00,12.83,0.64,343.6,20.046875,AQN,20.046875
6/30/2020 16:00,12.94,0.64,343.6,20.21875,AQN,20.21875
7/1/2020 16:00,13.07,0.64,376.1,20.421875,AQN,20.421875
7/2/2020 16:00,13.05,0.64,376.1,20.390625,AQN,20.390625
7/6/2020 16:00,13.22,0.64,376.1,20.65625,AQN,20.65625
7/7/2020 16:00,13.01,0.64,376.1,20.328125,AQN,20.328125
7/8/2020 16:00,12.97,0.64,376.1,20.265625,AQN,20.265625
7/9/2020 16:00,12.55,0.64,376.1,19.609375,AQN,19.609375
7/10/2020 16:00,12.96,0.64,376.1,20.25,AQN,20.25
7/13/2020 16:00,13.33,0.64,376.1,20.828125,AQN,20.828125
7/14/2020 16:00,13.6,0.64,376.1,21.25,AQN,21.25
7/15/2020 16:00,13.59,0.64,376.1,21.234375,AQN,21.234375
7/16/2020 16:00,13.67,0.64,376.1,21.359375,AQN,21.359375
7/17/2020 16:00,13.8,0.64,376.1,21.5625,AQN,21.5625
7/20/2020 16:00,13.5,0.64,376.1,21.09375,AQN,21.09375
7/21/2020 16:00,13.37,0.64,376.1,20.890625,AQN,20.890625
7/22/2020 16:00,13.48,0.64,376.1,21.0625,AQN,21.0625
7/23/2020 16:00,13.42,0.64,376.1,20.96875,AQN,20.96875
7/24/2020 16:00,13.25,0.64,376.1,20.703125,AQN,20.703125
7/27/2020 16:00,13.42,0.64,376.1,20.96875,AQN,20.96875
7/28/2020 16:00,13.46,0.64,376.1,21.03125,AQN,21.03125
7/29/2020 16:00,13.6,0.64,376.1,21.25,AQN,21.25
7/30/2020 16:00,13.79,0.64,376.1,21.546875,AQN,21.546875
7/31/2020 16:00,13.79,0.64,376.1,21.546875,AQN,21.546875
8/3/2020 16:00,13.75,0.64,376.1,21.484375,AQN,21.484375
8/4/2020 16:00,13.79,0.64,376.1,21.546875,AQN,21.546875
8/5/2020 16:00,13.69,0.64,376.1,21.390625,AQN,21.390625
8/6/2020 16:00,13.59,0.64,376.1,21.234375,AQN,21.234375
8/7/2020 16:00,13.73,0.64,376.1,21.453125,AQN,21.453125
8/10/2020 16:00,13.74,0.64,376.1,21.46875,AQN,21.46875
8/11/2020 16:00,13.59,0.64,376.1,21.234375,AQN,21.234375
8/12/2020 16:00,13.69,0.64,376.1,21.390625,AQN,21.390625
8/13/2020 16:00,13.79,0.64,376.1,21.546875,AQN,21.546875
8/14/2020 16:00,13.63,0.64,376.1,21.296875,AQN,21.296875
8/17/2020 16:00,13.64,0.64,376.1,21.3125,AQN,21.3125
8/18/2020 16:00,13.8,0.64,376.1,21.5625,AQN,21.5625
8/19/2020 16:00,13.9,0.64,376.1,21.71875,AQN,21.71875
8/20/2020 16:00,13.88,0.64,376.1,21.6875,AQN,21.6875
8/21/2020 16:00,13.98,0.64,376.1,21.84375,AQN,21.84375
8/24/2020 16:00,13.97,0.64,376.1,21.828125,AQN,21.828125
8/25/2020 16:00,13.88,0.64,376.1,21.6875,AQN,21.6875
8/26/2020 16:00,13.81,0.64,376.1,21.578125,AQN,21.578125
8/27/2020 16:00,13.84,0.64,376.1,21.625,AQN,21.625
8/28/2020 16:00,13.74,0.64,376.1,21.46875,AQN,21.46875
8/31/2020 16:00,13.83,0.64,376.1,21.609375,AQN,21.609375
9/1/2020 16:00,13.93,0.64,376.1,21.765625,AQN,21.765625
9/2/2020 16:00,14.19,0.64,376.1,22.171875,AQN,22.171875
9/3/2020 16:00,13.81,0.64,376.1,21.578125,AQN,21.578125
9/4/2020 16:00,13.72,0.64,376.1,21.4375,AQN,21.4375
9/8/2020 16:00,13.74,0.64,376.1,21.46875,AQN,21.46875
9/9/2020 16:00,14.03,0.64,376.1,21.921875,AQN,21.921875
9/10/2020 16:00,13.79,0.64,376.1,21.546875,AQN,21.546875
9/11/2020 16:00,13.92,0.64,376.1,21.75,AQN,21.75
9/14/2020 16:00,14.05,0.64,376.1,21.953125,AQN,21.953125
9/15/2020 16:00,14.23,0.64,376.1,22.234375,AQN,22.234375
9/16/2020 16:00,14.14,0.64,376.1,22.09375,AQN,22.09375
9/17/2020 16:00,14.2,0.64,376.1,22.1875,AQN,22.1875
9/18/2020 16:00,14.05,0.64,376.1,21.953125,AQN,21.953125
9/21/2020 16:00,13.99,0.64,376.1,21.859375,AQN,21.859375
9/22/2020 16:00,14.28,0.64,376.1,22.3125,AQN,22.3125
9/23/2020 16:00,13.95,0.64,376.1,21.796875,AQN,21.796875
9/24/2020 16:00,13.99,0.64,376.1,21.859375,AQN,21.859375
9/25/2020 16:00,14.2,0.64,376.1,22.1875,AQN,22.1875
9/28/2020 16:00,14.36,0.64,376.1,22.4375,AQN,22.4375
9/29/2020 16:00,14.29,0.64,376.1,22.328125,AQN,22.328125
9/30/2020 16:00,14.54,0.64,376.1,22.71875,AQN,22.71875
10/1/2020 16:00,14.66,0.64,492.5,22.90625,AQN,22.90625
10/2/2020 16:00,14.76,0.64,492.5,23.0625,AQN,23.0625
10/5/2020 16:00,15.31,0.64,492.5,23.921875,AQN,23.921875
10/6/2020 16:00,15.3,0.64,492.5,23.90625,AQN,23.90625
10/7/2020 16:00,15.41,0.64,492.5,24.078125,AQN,24.078125
10/8/2020 16:00,15.6,0.64,492.5,24.375,AQN,24.375
10/9/2020 16:00,15.65,0.64,492.5,24.453125,AQN,24.453125
10/12/2020 16:00,15.57,0.64,492.5,24.328125,AQN,24.328125
10/13/2020 16:00,15.59,0.64,492.5,24.359375,AQN,24.359375
10/14/2020 16:00,15.58,0.64,492.5,24.34375,AQN,24.34375
10/15/2020 16:00,15.6,0.64,492.5,24.375,AQN,24.375
10/16/2020 16:00,15.73,0.64,492.5,24.578125,AQN,24.578125
10/19/2020 16:00,15.46,0.64,492.5,24.15625,AQN,24.15625
10/20/2020 16:00,15.5,0.64,492.5,24.21875,AQN,24.21875
10/21/2020 16:00,15.75,0.64,492.5,24.609375,AQN,24.609375
10/22/2020 16:00,15.63,0.64,492.5,24.421875,AQN,24.421875
10/23/2020 16:00,15.72,0.64,492.5,24.5625,AQN,24.5625
10/26/2020 16:00,15.5,0.64,492.5,24.21875,AQN,24.21875
10/27/2020 16:00,15.49,0.64,492.5,24.203125,AQN,24.203125
10/28/2020 16:00,15.06,0.64,492.5,23.53125,AQN,23.53125
10/29/2020 16:00,15.36,0.64,492.5,24,AQN,24
10/30/2020 16:00,15.15,0.64,492.5,23.671875,AQN,23.671875
11/2/2020 16:00,15.48,0.64,492.5,24.1875,AQN,24.1875
11/3/2020 16:00,15.69,0.64,492.5,24.515625,AQN,24.515625
11/4/2020 16:00,15.66,0.64,492.5,24.46875,AQN,24.46875
11/5/2020 16:00,15.86,0.64,492.5,24.78125,AQN,24.78125
11/6/2020 16:00,15.97,0.64,492.5,24.953125,AQN,24.953125
11/9/2020 16:00,16.11,0.64,492.5,25.171875,AQN,25.171875
11/10/2020 16:00,16.28,0.64,492.5,25.4375,AQN,25.4375
11/11/2020 16:00,16.38,0.64,492.5,25.59375,AQN,25.59375
11/12/2020 16:00,16.22,0.64,492.5,25.34375,AQN,25.34375
11/13/2020 16:00,15.89,0.64,492.5,24.828125,AQN,24.828125
11/16/2020 16:00,15.73,0.64,492.5,24.578125,AQN,24.578125
11/17/2020 16:00,15.6,0.64,492.5,24.375,AQN,24.375
11/18/2020 16:00,15.41,0.64,492.5,24.078125,AQN,24.078125
11/19/2020 16:00,15.42,0.64,492.5,24.09375,AQN,24.09375
11/20/2020 16:00,15.44,0.64,492.5,24.125,AQN,24.125
11/23/2020 16:00,15.42,0.64,492.5,24.09375,AQN,24.09375
11/24/2020 16:00,15.43,0.64,492.5,24.109375,AQN,24.109375
11/25/2020 16:00,15.56,0.64,492.5,24.3125,AQN,24.3125
11/27/2020 13:00,15.71,0.64,492.5,24.546875,AQN,24.546875
11/30/2020 16:00,15.68,0.64,492.5,24.5,AQN,24.5
12/1/2020 16:00,15.94,0.64,492.5,24.90625,AQN,24.90625
12/2/2020 16:00,15.76,0.64,492.5,24.625,AQN,24.625
12/3/2020 16:00,16.01,0.64,492.5,25.015625,AQN,25.015625
12/4/2020 16:00,16.05,0.64,492.5,25.078125,AQN,25.078125
12/7/2020 16:00,15.96,0.64,492.5,24.9375,AQN,24.9375
12/8/2020 16:00,16.02,0.64,492.5,25.03125,AQN,25.03125
12/9/2020 16:00,16.02,0.64,492.5,25.03125,AQN,25.03125
12/10/2020 16:00,16.04,0.64,492.5,25.0625,AQN,25.0625
12/11/2020 16:00,15.94,0.64,492.5,24.90625,AQN,24.90625
12/14/2020 16:00,15.96,0.64,492.5,24.9375,AQN,24.9375
12/15/2020 16:00,16.22,0.64,492.5,25.34375,AQN,25.34375
12/16/2020 16:00,16.17,0.64,492.5,25.265625,AQN,25.265625
12/17/2020 16:00,16.22,0.64,492.5,25.34375,AQN,25.34375
12/18/2020 16:00,15.98,0.64,492.5,24.96875,AQN,24.96875
12/21/2020 16:00,15.89,0.64,492.5,24.828125,AQN,24.828125
12/22/2020 16:00,15.93,0.64,492.5,24.890625,AQN,24.890625
12/23/2020 16:00,16.13,0.64,492.5,25.203125,AQN,25.203125
12/24/2020 13:00,16.24,0.64,492.5,25.375,AQN,25.375
12/28/2020 16:00,16.28,0.64,492.5,25.4375,AQN,25.4375
12/29/2020 16:00,16.61,0.64,492.5,25.953125,AQN,25.953125
12/30/2020 16:00,16.52,0.64,492.5,25.8125,AQN,25.8125
12/31/2020 16:00,16.46,0.64,492.5,25.71875,AQN,25.71875
1/4/2021 16:00,16.25,0.71,634.5,22.88732394,AQN,22.88732394
1/5/2021 16:00,16.34,0.71,634.5,23.01408451,AQN,23.01408451
1/6/2021 16:00,16.58,0.71,634.5,23.35211268,AQN,23.35211268
1/7/2021 16:00,16.81,0.71,634.5,23.67605634,AQN,23.67605634
1/8/2021 16:00,17.17,0.71,634.5,24.18309859,AQN,24.18309859
1/11/2021 16:00,16.85,0.71,634.5,23.73239437,AQN,23.73239437
1/12/2021 16:00,16.69,0.71,634.5,23.50704225,AQN,23.50704225
1/13/2021 16:00,16.94,0.71,634.5,23.85915493,AQN,23.85915493
1/14/2021 16:00,16.84,0.71,634.5,23.71830986,AQN,23.71830986
1/15/2021 16:00,16.9,0.71,634.5,23.8028169,AQN,23.8028169
1/19/2021 16:00,16.85,0.71,634.5,23.73239437,AQN,23.73239437
1/20/2021 16:00,17.16,0.71,634.5,24.16901408,AQN,24.16901408
1/21/2021 16:00,17.31,0.71,634.5,24.38028169,AQN,24.38028169
1/22/2021 16:00,17.3,0.71,634.5,24.36619718,AQN,24.36619718
1/25/2021 16:00,17.58,0.71,634.5,24.76056338,AQN,24.76056338
1/26/2021 16:00,17.52,0.71,634.5,24.67605634,AQN,24.67605634
1/27/2021 16:00,16.92,0.71,634.5,23.83098592,AQN,23.83098592
1/28/2021 16:00,16.96,0.71,634.5,23.88732394,AQN,23.88732394
1/29/2021 16:00,16.62,0.71,634.5,23.4084507,AQN,23.4084507
2/1/2021 16:00,16.79,0.71,634.5,23.64788732,AQN,23.64788732
2/2/2021 16:00,17.03,0.71,634.5,23.98591549,AQN,23.98591549
2/3/2021 16:00,17.13,0.71,634.5,24.12676056,AQN,24.12676056
2/4/2021 16:00,17.34,0.71,634.5,24.42253521,AQN,24.42253521
2/5/2021 16:00,17.53,0.71,634.5,24.69014085,AQN,24.69014085
2/8/2021 16:00,17.44,0.71,634.5,24.56338028,AQN,24.56338028
2/9/2021 16:00,17.48,0.71,634.5,24.61971831,AQN,24.61971831
2/10/2021 16:00,17.5,0.71,634.5,24.64788732,AQN,24.64788732
2/11/2021 16:00,17.74,0.71,634.5,24.98591549,AQN,24.98591549
2/12/2021 16:00,17.7,0.71,634.5,24.92957746,AQN,24.92957746
2/16/2021 16:00,17.46,0.71,634.5,24.5915493,AQN,24.5915493
2/17/2021 16:00,17.29,0.71,634.5,24.35211268,AQN,24.35211268
2/18/2021 16:00,17.34,0.71,634.5,24.42253521,AQN,24.42253521
2/19/2021 16:00,17.26,0.71,634.5,24.30985915,AQN,24.30985915
2/22/2021 16:00,16.46,0.71,634.5,23.18309859,AQN,23.18309859
2/23/2021 16:00,16.32,0.71,634.5,22.98591549,AQN,22.98591549
2/24/2021 16:00,16.17,0.71,634.5,22.77464789,AQN,22.77464789
2/25/2021 16:00,15.89,0.71,634.5,22.38028169,AQN,22.38028169
2/26/2021 16:00,15.46,0.71,634.5,21.77464789,AQN,21.77464789
3/1/2021 16:00,15.74,0.71,634.5,22.16901408,AQN,22.16901408
3/2/2021 16:00,15.89,0.71,634.5,22.38028169,AQN,22.38028169
3/3/2021 16:00,15.6,0.71,634.5,21.97183099,AQN,21.97183099
3/4/2021 16:00,15.44,0.71,634.5,21.74647887,AQN,21.74647887
3/5/2021 16:00,15.19,0.71,634.5,21.3943662,AQN,21.3943662
3/8/2021 16:00,15.26,0.71,634.5,21.49295775,AQN,21.49295775
3/9/2021 16:00,15.4,0.71,634.5,21.69014085,AQN,21.69014085
3/10/2021 16:00,15.54,0.71,634.5,21.88732394,AQN,21.88732394
3/11/2021 16:00,15.9,0.71,634.5,22.3943662,AQN,22.3943662
3/12/2021 16:00,15.88,0.71,634.5,22.36619718,AQN,22.36619718
3/15/2021 16:00,16.02,0.71,634.5,22.56338028,AQN,22.56338028
3/16/2021 16:00,16.15,0.71,634.5,22.74647887,AQN,22.74647887
3/17/2021 16:00,16.12,0.71,634.5,22.70422535,AQN,22.70422535
3/18/2021 16:00,15.55,0.71,634.5,21.90140845,AQN,21.90140845
3/19/2021 16:00,15.61,0.71,634.5,21.98591549,AQN,21.98591549
3/22/2021 16:00,15.77,0.71,634.5,22.21126761,AQN,22.21126761
3/23/2021 16:00,15.78,0.71,634.5,22.22535211,AQN,22.22535211
3/24/2021 16:00,15.74,0.71,634.5,22.16901408,AQN,22.16901408
3/25/2021 16:00,15.84,0.71,634.5,22.30985915,AQN,22.30985915
3/26/2021 16:00,15.89,0.71,634.5,22.38028169,AQN,22.38028169
3/29/2021 16:00,15.91,0.71,634.5,22.4084507,AQN,22.4084507
3/30/2021 16:00,15.67,0.71,634.5,22.07042254,AQN,22.07042254
3/31/2021 16:00,15.84,0.71,634.5,22.30985915,AQN,22.30985915
4/1/2021 16:00,15.97,0.71,527.5,22.49295775,AQN,22.49295775
4/5/2021 16:00,16.6,0.71,527.5,23.38028169,AQN,23.38028169
4/6/2021 16:00,16.4,0.71,527.5,23.09859155,AQN,23.09859155
4/7/2021 16:00,16.3,0.71,527.5,22.95774648,AQN,22.95774648
4/8/2021 16:00,16.41,0.71,527.5,23.11267606,AQN,23.11267606
4/9/2021 16:00,16.43,0.71,527.5,23.14084507,AQN,23.14084507
4/12/2021 16:00,16.18,0.71,527.5,22.78873239,AQN,22.78873239
4/13/2021 16:00,16.38,0.71,527.5,23.07042254,AQN,23.07042254
4/14/2021 16:00,16.16,0.71,527.5,22.76056338,AQN,22.76056338
4/15/2021 16:00,16.26,0.71,527.5,22.90140845,AQN,22.90140845
4/16/2021 16:00,16.24,0.71,527.5,22.87323944,AQN,22.87323944
4/19/2021 16:00,16.05,0.71,527.5,22.6056338,AQN,22.6056338
4/20/2021 16:00,16.13,0.71,527.5,22.71830986,AQN,22.71830986
4/21/2021 16:00,16.34,0.71,527.5,23.01408451,AQN,23.01408451
4/22/2021 16:00,16.34,0.71,527.5,23.01408451,AQN,23.01408451
4/23/2021 16:00,16.19,0.71,527.5,22.8028169,AQN,22.8028169
4/26/2021 16:00,16.2,0.71,527.5,22.81690141,AQN,22.81690141
4/27/2021 16:00,16.12,0.71,527.5,22.70422535,AQN,22.70422535
4/28/2021 16:00,16.19,0.71,527.5,22.8028169,AQN,22.8028169
4/29/2021 16:00,16.12,0.71,527.5,22.70422535,AQN,22.70422535
4/30/2021 16:00,16.14,0.71,527.5,22.73239437,AQN,22.73239437
5/3/2021 16:00,16.1,0.71,527.5,22.67605634,AQN,22.67605634
5/4/2021 16:00,15.96,0.71,527.5,22.47887324,AQN,22.47887324
5/5/2021 16:00,15.75,0.71,527.5,22.18309859,AQN,22.18309859
5/6/2021 16:00,15.75,0.71,527.5,22.18309859,AQN,22.18309859
5/7/2021 16:00,15.89,0.71,527.5,22.38028169,AQN,22.38028169
5/10/2021 16:00,15.88,0.71,527.5,22.36619718,AQN,22.36619718
5/11/2021 16:00,15.58,0.71,527.5,21.94366197,AQN,21.94366197
5/12/2021 16:00,15.09,0.71,527.5,21.25352113,AQN,21.25352113
5/13/2021 16:00,15.14,0.71,527.5,21.32394366,AQN,21.32394366
5/14/2021 16:00,15.36,0.71,527.5,21.63380282,AQN,21.63380282
5/17/2021 16:00,15.21,0.71,527.5,21.42253521,AQN,21.42253521
5/18/2021 16:00,15.29,0.71,527.5,21.53521127,AQN,21.53521127
5/19/2021 16:00,15.27,0.71,527.5,21.50704225,AQN,21.50704225
5/20/2021 16:00,15.48,0.71,527.5,21.8028169,AQN,21.8028169
5/21/2021 16:00,15.45,0.71,527.5,21.76056338,AQN,21.76056338
5/24/2021 16:00,15.51,0.71,527.5,21.84507042,AQN,21.84507042
5/25/2021 16:00,15.44,0.71,527.5,21.74647887,AQN,21.74647887
5/26/2021 16:00,15.42,0.71,527.5,21.71830986,AQN,21.71830986
5/27/2021 16:00,15.33,0.71,527.5,21.5915493,AQN,21.5915493
5/28/2021 16:00,15.28,0.71,527.5,21.52112676,AQN,21.52112676
6/1/2021 16:00,15.36,0.71,527.5,21.63380282,AQN,21.63380282
6/2/2021 16:00,15.43,0.71,527.5,21.73239437,AQN,21.73239437
6/3/2021 16:00,15.44,0.71,527.5,21.74647887,AQN,21.74647887
6/4/2021 16:00,15.58,0.71,527.5,21.94366197,AQN,21.94366197
6/7/2021 16:00,15.7,0.71,527.5,22.11267606,AQN,22.11267606
6/8/2021 16:00,15.68,0.71,527.5,22.08450704,AQN,22.08450704
6/9/2021 16:00,15.81,0.71,527.5,22.26760563,AQN,22.26760563
6/10/2021 16:00,15.94,0.71,527.5,22.45070423,AQN,22.45070423
6/11/2021 16:00,16.01,0.71,527.5,22.54929577,AQN,22.54929577
6/14/2021 16:00,16.2,0.71,527.5,22.81690141,AQN,22.81690141
6/15/2021 16:00,16.08,0.71,527.5,22.64788732,AQN,22.64788732
6/16/2021 16:00,15.95,0.71,527.5,22.46478873,AQN,22.46478873
6/17/2021 16:00,15,0.71,527.5,21.12676056,AQN,21.12676056
6/18/2021 16:00,15.07,0.71,527.5,21.22535211,AQN,21.22535211
6/21/2021 16:00,15.17,0.71,527.5,21.36619718,AQN,21.36619718
6/22/2021 16:00,15.32,0.71,527.5,21.57746479,AQN,21.57746479
6/23/2021 16:00,15.18,0.71,527.5,21.38028169,AQN,21.38028169
6/24/2021 16:00,15.24,0.71,527.5,21.46478873,AQN,21.46478873
6/25/2021 16:00,15.31,0.71,527.5,21.56338028,AQN,21.56338028
6/28/2021 16:00,15.39,0.71,527.5,21.67605634,AQN,21.67605634
6/29/2021 16:00,15,0.71,527.5,21.12676056,AQN,21.12676056
6/30/2021 16:00,14.88,0.71,527.5,20.95774648,AQN,20.95774648
7/1/2021 16:00,15.03,0.71,528.6,21.16901408,AQN,21.16901408
7/2/2021 16:00,15.03,0.71,528.6,21.16901408,AQN,21.16901408
7/6/2021 16:00,15.09,0.71,528.6,21.25352113,AQN,21.25352113
7/7/2021 16:00,15.12,0.71,528.6,21.29577465,AQN,21.29577465
7/8/2021 16:00,14.89,0.71,528.6,20.97183099,AQN,20.97183099
7/9/2021 16:00,15.07,0.71,528.6,21.22535211,AQN,21.22535211
7/12/2021 16:00,15.09,0.71,528.6,21.25352113,AQN,21.25352113
7/13/2021 16:00,14.93,0.71,528.6,21.02816901,AQN,21.02816901
7/14/2021 16:00,14.96,0.71,528.6,21.07042254,AQN,21.07042254
7/15/2021 16:00,15.03,0.71,528.6,21.16901408,AQN,21.16901408
7/16/2021 16:00,15.23,0.71,528.6,21.45070423,AQN,21.45070423
7/19/2021 16:00,14.97,0.71,528.6,21.08450704,AQN,21.08450704
7/20/2021 16:00,15.1,0.71,528.6,21.26760563,AQN,21.26760563
7/21/2021 16:00,15.32,0.71,528.6,21.57746479,AQN,21.57746479
7/22/2021 16:00,15.31,0.71,528.6,21.56338028,AQN,21.56338028
7/23/2021 16:00,15.44,0.71,528.6,21.74647887,AQN,21.74647887
7/26/2021 16:00,15.35,0.71,528.6,21.61971831,AQN,21.61971831
7/27/2021 16:00,15.4,0.71,528.6,21.69014085,AQN,21.69014085
7/28/2021 16:00,15.46,0.71,528.6,21.77464789,AQN,21.77464789
7/29/2021 16:00,15.78,0.71,528.6,22.22535211,AQN,22.22535211
7/30/2021 16:00,15.97,0.71,528.6,22.49295775,AQN,22.49295775
8/2/2021 16:00,16.06,0.71,528.6,22.61971831,AQN,22.61971831
8/3/2021 16:00,15.89,0.71,528.6,22.38028169,AQN,22.38028169
8/4/2021 16:00,15.88,0.71,528.6,22.36619718,AQN,22.36619718
8/5/2021 16:00,16.09,0.71,528.6,22.66197183,AQN,22.66197183
8/6/2021 16:00,15.92,0.71,528.6,22.42253521,AQN,22.42253521
8/9/2021 16:00,15.89,0.71,528.6,22.38028169,AQN,22.38028169
8/10/2021 16:00,15.88,0.71,528.6,22.36619718,AQN,22.36619718
8/11/2021 16:00,15.9,0.71,528.6,22.3943662,AQN,22.3943662
8/12/2021 16:00,15.59,0.71,528.6,21.95774648,AQN,21.95774648
8/13/2021 16:00,15.63,0.71,528.6,22.01408451,AQN,22.01408451
8/16/2021 16:00,15.61,0.71,528.6,21.98591549,AQN,21.98591549
8/17/2021 16:00,15.61,0.71,528.6,21.98591549,AQN,21.98591549
8/18/2021 16:00,15.46,0.71,528.6,21.77464789,AQN,21.77464789
8/19/2021 16:00,15.42,0.71,528.6,21.71830986,AQN,21.71830986
8/20/2021 16:00,15.64,0.71,528.6,22.02816901,AQN,22.02816901
8/23/2021 16:00,15.76,0.71,528.6,22.1971831,AQN,22.1971831
8/24/2021 16:00,15.74,0.71,528.6,22.16901408,AQN,22.16901408
8/25/2021 16:00,15.73,0.71,528.6,22.15492958,AQN,22.15492958
8/26/2021 16:00,15.57,0.71,528.6,21.92957746,AQN,21.92957746
8/27/2021 16:00,15.59,0.71,528.6,21.95774648,AQN,21.95774648
8/30/2021 16:00,15.62,0.71,528.6,22,AQN,22
8/31/2021 16:00,15.53,0.71,528.6,21.87323944,AQN,21.87323944
9/1/2021 16:00,15.57,0.71,528.6,21.92957746,AQN,21.92957746
9/2/2021 16:00,15.68,0.71,528.6,22.08450704,AQN,22.08450704
9/3/2021 16:00,15.64,0.71,528.6,22.02816901,AQN,22.02816901
9/7/2021 16:00,15.42,0.71,528.6,21.71830986,AQN,21.71830986
9/8/2021 16:00,15.59,0.71,528.6,21.95774648,AQN,21.95774648
9/9/2021 16:00,15.55,0.71,528.6,21.90140845,AQN,21.90140845
9/10/2021 16:00,15.35,0.71,528.6,21.61971831,AQN,21.61971831
9/13/2021 16:00,15.41,0.71,528.6,21.70422535,AQN,21.70422535
9/14/2021 16:00,15.41,0.71,528.6,21.70422535,AQN,21.70422535
9/15/2021 16:00,15.55,0.71,528.6,21.90140845,AQN,21.90140845
9/16/2021 16:00,15.49,0.71,528.6,21.81690141,AQN,21.81690141
9/17/2021 16:00,15.31,0.71,528.6,21.56338028,AQN,21.56338028
9/20/2021 16:00,15.19,0.71,528.6,21.3943662,AQN,21.3943662
9/21/2021 16:00,15.21,0.71,528.6,21.42253521,AQN,21.42253521
9/22/2021 16:00,15.29,0.71,528.6,21.53521127,AQN,21.53521127
9/23/2021 16:00,15.23,0.71,528.6,21.45070423,AQN,21.45070423
9/24/2021 16:00,15.12,0.71,528.6,21.29577465,AQN,21.29577465
9/27/2021 16:00,15.19,0.71,528.6,21.3943662,AQN,21.3943662
9/28/2021 16:00,14.84,0.71,528.6,20.90140845,AQN,20.90140845
9/29/2021 16:00,14.73,0.71,528.6,20.74647887,AQN,20.74647887
9/30/2021 16:00,14.66,0.71,528.6,20.64788732,AQN,20.64788732
10/1/2021 16:00,14.68,0.71,521.5,20.67605634,AQN,20.67605634
10/4/2021 16:00,14.85,0.71,521.5,20.91549296,AQN,20.91549296
10/5/2021 16:00,14.72,0.71,521.5,20.73239437,AQN,20.73239437
10/6/2021 16:00,14.66,0.71,521.5,20.64788732,AQN,20.64788732
10/7/2021 16:00,14.59,0.71,521.5,20.54929577,AQN,20.54929577
10/8/2021 16:00,14.52,0.71,521.5,20.45070423,AQN,20.45070423
10/11/2021 16:00,14.43,0.71,521.5,20.32394366,AQN,20.32394366
10/12/2021 16:00,14.68,0.71,521.5,20.67605634,AQN,20.67605634
10/13/2021 16:00,14.89,0.71,521.5,20.97183099,AQN,20.97183099
10/14/2021 16:00,15.13,0.71,521.5,21.30985915,AQN,21.30985915
10/15/2021 16:00,15.05,0.71,521.5,21.1971831,AQN,21.1971831
10/18/2021 16:00,14.97,0.71,521.5,21.08450704,AQN,21.08450704
10/19/2021 16:00,15.11,0.71,521.5,21.28169014,AQN,21.28169014
10/20/2021 16:00,15.18,0.71,521.5,21.38028169,AQN,21.38028169
10/21/2021 16:00,15.1,0.71,521.5,21.26760563,AQN,21.26760563
10/22/2021 16:00,15.14,0.71,521.5,21.32394366,AQN,21.32394366
10/25/2021 16:00,15.03,0.71,521.5,21.16901408,AQN,21.16901408
10/26/2021 16:00,15.04,0.71,521.5,21.18309859,AQN,21.18309859
10/27/2021 16:00,14.41,0.71,521.5,20.29577465,AQN,20.29577465
10/28/2021 16:00,14.45,0.71,521.5,20.35211268,AQN,20.35211268
10/29/2021 16:00,14.43,0.71,521.5,20.32394366,AQN,20.32394366
11/1/2021 16:00,14.53,0.71,521.5,20.46478873,AQN,20.46478873
11/2/2021 16:00,14.48,0.71,521.5,20.3943662,AQN,20.3943662
11/3/2021 16:00,14.39,0.71,521.5,20.26760563,AQN,20.26760563
11/4/2021 16:00,14.29,0.71,521.5,20.12676056,AQN,20.12676056
11/5/2021 16:00,14.28,0.71,521.5,20.11267606,AQN,20.11267606
11/8/2021 16:00,14.2,0.71,521.5,20,AQN,20
11/9/2021 16:00,14.26,0.71,521.5,20.08450704,AQN,20.08450704
11/10/2021 16:00,14.34,0.71,521.5,20.1971831,AQN,20.1971831
11/11/2021 16:00,14.12,0.71,521.5,19.88732394,AQN,19.88732394
11/12/2021 16:00,14.2,0.71,521.5,20,AQN,20
11/15/2021 16:00,14.27,0.71,521.5,20.09859155,AQN,20.09859155
11/16/2021 16:00,14.15,0.71,521.5,19.92957746,AQN,19.92957746
11/17/2021 16:00,14.11,0.71,521.5,19.87323944,AQN,19.87323944
11/18/2021 16:00,14.15,0.71,521.5,19.92957746,AQN,19.92957746
11/19/2021 16:00,14.2,0.71,521.5,20,AQN,20
11/22/2021 16:00,14,0.71,521.5,19.71830986,AQN,19.71830986
11/23/2021 16:00,13.91,0.71,521.5,19.5915493,AQN,19.5915493
11/24/2021 16:00,13.87,0.71,521.5,19.53521127,AQN,19.53521127
11/26/2021 13:00,13.7,0.71,521.5,19.29577465,AQN,19.29577465
11/29/2021 16:00,13.76,0.71,521.5,19.38028169,AQN,19.38028169
11/30/2021 16:00,13.53,0.71,521.5,19.05633803,AQN,19.05633803
12/1/2021 16:00,13.45,0.71,521.5,18.94366197,AQN,18.94366197
12/2/2021 16:00,13.56,0.71,521.5,19.09859155,AQN,19.09859155
12/3/2021 16:00,13.54,0.71,521.5,19.07042254,AQN,19.07042254
12/6/2021 16:00,13.84,0.71,521.5,19.49295775,AQN,19.49295775
12/7/2021 16:00,14.08,0.71,521.5,19.83098592,AQN,19.83098592
12/8/2021 16:00,14.03,0.71,521.5,19.76056338,AQN,19.76056338
12/9/2021 16:00,13.9,0.71,521.5,19.57746479,AQN,19.57746479
12/10/2021 16:00,13.88,0.71,521.5,19.54929577,AQN,19.54929577
12/13/2021 16:00,13.99,0.71,521.5,19.70422535,AQN,19.70422535
12/14/2021 16:00,13.66,0.71,521.5,19.23943662,AQN,19.23943662
12/15/2021 16:00,13.77,0.71,521.5,19.3943662,AQN,19.3943662
12/16/2021 16:00,13.83,0.71,521.5,19.47887324,AQN,19.47887324
12/17/2021 16:00,13.92,0.71,521.5,19.6056338,AQN,19.6056338
12/20/2021 16:00,14,0.71,521.5,19.71830986,AQN,19.71830986
12/21/2021 16:00,14.12,0.71,521.5,19.88732394,AQN,19.88732394
12/22/2021 16:00,14.25,0.71,521.5,20.07042254,AQN,20.07042254
12/23/2021 16:00,14.32,0.71,521.5,20.16901408,AQN,20.16901408
12/27/2021 16:00,14.4,0.71,521.5,20.28169014,AQN,20.28169014
12/28/2021 16:00,14.41,0.71,521.5,20.29577465,AQN,20.29577465
12/29/2021 16:00,14.45,0.71,521.5,20.35211268,AQN,20.35211268
12/30/2021 16:00,14.43,0.71,521.5,20.32394366,AQN,20.32394366
12/31/2021 16:00,14.45,0.71,521.5,20.35211268,AQN,20.35211268
1/3/2022 16:00,14.35,0.74,735.7,19.39189189,AQN,19.39189189
1/4/2022 16:00,14.29,0.74,735.7,19.31081081,AQN,19.31081081
1/5/2022 16:00,14.12,0.74,735.7,19.08108108,AQN,19.08108108
1/6/2022 16:00,14.08,0.74,735.7,19.02702703,AQN,19.02702703
1/7/2022 16:00,14.18,0.74,735.7,19.16216216,AQN,19.16216216
1/10/2022 16:00,14.02,0.74,735.7,18.94594595,AQN,18.94594595
1/11/2022 16:00,13.95,0.74,735.7,18.85135135,AQN,18.85135135
1/12/2022 16:00,13.94,0.74,735.7,18.83783784,AQN,18.83783784
1/13/2022 16:00,14.02,0.74,735.7,18.94594595,AQN,18.94594595
1/14/2022 16:00,13.84,0.74,735.7,18.7027027,AQN,18.7027027
1/18/2022 16:00,14.05,0.74,735.7,18.98648649,AQN,18.98648649
1/19/2022 16:00,14.16,0.74,735.7,19.13513514,AQN,19.13513514
1/20/2022 16:00,14.18,0.74,735.7,19.16216216,AQN,19.16216216
1/21/2022 16:00,14.02,0.74,735.7,18.94594595,AQN,18.94594595
1/24/2022 16:00,13.81,0.74,735.7,18.66216216,AQN,18.66216216
1/25/2022 16:00,13.68,0.74,735.7,18.48648649,AQN,18.48648649
1/26/2022 16:00,13.73,0.74,735.7,18.55405405,AQN,18.55405405
1/27/2022 16:00,13.8,0.74,735.7,18.64864865,AQN,18.64864865
1/28/2022 16:00,13.99,0.74,735.7,18.90540541,AQN,18.90540541
1/31/2022 16:00,14.29,0.74,735.7,19.31081081,AQN,19.31081081
2/1/2022 16:00,14.18,0.74,735.7,19.16216216,AQN,19.16216216
2/2/2022 16:00,14.29,0.74,735.7,19.31081081,AQN,19.31081081
2/3/2022 16:00,14.13,0.74,735.7,19.09459459,AQN,19.09459459
2/4/2022 16:00,14.04,0.74,735.7,18.97297297,AQN,18.97297297
2/7/2022 16:00,14.13,0.74,735.7,19.09459459,AQN,19.09459459
2/8/2022 16:00,14.14,0.74,735.7,19.10810811,AQN,19.10810811
2/9/2022 16:00,14.31,0.74,735.7,19.33783784,AQN,19.33783784
2/10/2022 16:00,14.08,0.74,735.7,19.02702703,AQN,19.02702703
2/11/2022 16:00,13.98,0.74,735.7,18.89189189,AQN,18.89189189
2/14/2022 16:00,13.92,0.74,735.7,18.81081081,AQN,18.81081081
2/15/2022 16:00,13.92,0.74,735.7,18.81081081,AQN,18.81081081
2/16/2022 16:00,13.99,0.74,735.7,18.90540541,AQN,18.90540541
2/17/2022 16:00,14,0.74,735.7,18.91891892,AQN,18.91891892
2/18/2022 16:00,13.92,0.74,735.7,18.81081081,AQN,18.81081081
2/22/2022 16:00,13.86,0.74,735.7,18.72972973,AQN,18.72972973
2/23/2022 16:00,13.87,0.74,735.7,18.74324324,AQN,18.74324324
2/24/2022 16:00,14.04,0.74,735.7,18.97297297,AQN,18.97297297
2/25/2022 16:00,14.26,0.74,735.7,19.27027027,AQN,19.27027027
2/28/2022 16:00,14.48,0.74,735.7,19.56756757,AQN,19.56756757
3/1/2022 16:00,14.43,0.74,735.7,19.5,AQN,19.5
3/2/2022 16:00,14.59,0.74,735.7,19.71621622,AQN,19.71621622
3/3/2022 16:00,14.6,0.74,735.7,19.72972973,AQN,19.72972973
3/4/2022 16:00,14.7,0.74,735.7,19.86486486,AQN,19.86486486
3/7/2022 16:00,14.99,0.74,735.7,20.25675676,AQN,20.25675676
3/8/2022 16:00,14.92,0.74,735.7,20.16216216,AQN,20.16216216
3/9/2022 16:00,14.99,0.74,735.7,20.25675676,AQN,20.25675676
3/10/2022 16:00,15.11,0.74,735.7,20.41891892,AQN,20.41891892
3/11/2022 16:00,15.08,0.74,735.7,20.37837838,AQN,20.37837838
3/14/2022 16:00,14.74,0.74,735.7,19.91891892,AQN,19.91891892
3/15/2022 16:00,14.79,0.74,735.7,19.98648649,AQN,19.98648649
3/16/2022 16:00,14.82,0.74,735.7,20.02702703,AQN,20.02702703
3/17/2022 16:00,15.1,0.74,735.7,20.40540541,AQN,20.40540541
3/18/2022 16:00,15.27,0.74,735.7,20.63513514,AQN,20.63513514
3/21/2022 16:00,15.23,0.74,735.7,20.58108108,AQN,20.58108108
3/22/2022 16:00,15.2,0.74,735.7,20.54054054,AQN,20.54054054
3/23/2022 16:00,15.15,0.74,735.7,20.47297297,AQN,20.47297297
3/24/2022 16:00,15.27,0.74,735.7,20.63513514,AQN,20.63513514
3/25/2022 16:00,15.45,0.74,735.7,20.87837838,AQN,20.87837838
3/28/2022 16:00,15.48,0.74,735.7,20.91891892,AQN,20.91891892
3/29/2022 16:00,15.58,0.74,735.7,21.05405405,AQN,21.05405405
3/30/2022 16:00,15.5,0.74,735.7,20.94594595,AQN,20.94594595
3/31/2022 16:00,15.52,0.74,735.7,20.97297297,AQN,20.97297297
4/1/2022 16:00,15.59,0.74,605.8,21.06756757,AQN,21.06756757
4/4/2022 16:00,15.65,0.74,605.8,21.14864865,AQN,21.14864865
4/5/2022 16:00,15.73,0.74,605.8,21.25675676,AQN,21.25675676
4/6/2022 16:00,15.99,0.74,605.8,21.60810811,AQN,21.60810811
4/7/2022 16:00,15.94,0.74,605.8,21.54054054,AQN,21.54054054
4/8/2022 16:00,15.86,0.74,605.8,21.43243243,AQN,21.43243243
4/11/2022 16:00,15.71,0.74,605.8,21.22972973,AQN,21.22972973
4/12/2022 16:00,15.68,0.74,605.8,21.18918919,AQN,21.18918919
4/13/2022 16:00,15.7,0.74,605.8,21.21621622,AQN,21.21621622
4/14/2022 16:00,15.62,0.74,605.8,21.10810811,AQN,21.10810811
4/18/2022 16:00,15.53,0.74,605.8,20.98648649,AQN,20.98648649
4/19/2022 16:00,15.57,0.74,605.8,21.04054054,AQN,21.04054054
4/20/2022 16:00,15.83,0.74,605.8,21.39189189,AQN,21.39189189
4/21/2022 16:00,15.63,0.74,605.8,21.12162162,AQN,21.12162162
4/22/2022 16:00,15.27,0.74,605.8,20.63513514,AQN,20.63513514
4/25/2022 16:00,15.08,0.74,605.8,20.37837838,AQN,20.37837838
4/26/2022 16:00,14.82,0.74,605.8,20.02702703,AQN,20.02702703
4/27/2022 16:00,14.71,0.74,605.8,19.87837838,AQN,19.87837838
4/28/2022 16:00,14.81,0.74,605.8,20.01351351,AQN,20.01351351
4/29/2022 16:00,14.45,0.74,605.8,19.52702703,AQN,19.52702703
5/2/2022 16:00,14.26,0.74,605.8,19.27027027,AQN,19.27027027
5/3/2022 16:00,14.18,0.74,605.8,19.16216216,AQN,19.16216216
5/4/2022 16:00,14.06,0.74,605.8,19,AQN,19
5/5/2022 16:00,13.82,0.74,605.8,18.67567568,AQN,18.67567568
5/6/2022 16:00,13.78,0.74,605.8,18.62162162,AQN,18.62162162
5/9/2022 16:00,13.58,0.74,605.8,18.35135135,AQN,18.35135135
5/10/2022 16:00,13.55,0.74,605.8,18.31081081,AQN,18.31081081
5/11/2022 16:00,13.44,0.74,605.8,18.16216216,AQN,18.16216216
5/12/2022 16:00,13.4,0.74,605.8,18.10810811,AQN,18.10810811
5/13/2022 16:00,14.1,0.74,605.8,19.05405405,AQN,19.05405405
5/16/2022 16:00,14.12,0.74,605.8,19.08108108,AQN,19.08108108
5/17/2022 16:00,14.38,0.74,605.8,19.43243243,AQN,19.43243243
5/18/2022 16:00,14.25,0.74,605.8,19.25675676,AQN,19.25675676
5/19/2022 16:00,14.42,0.74,605.8,19.48648649,AQN,19.48648649
5/20/2022 16:00,14.42,0.74,605.8,19.48648649,AQN,19.48648649
5/23/2022 16:00,14.65,0.74,605.8,19.7972973,AQN,19.7972973
5/24/2022 16:00,14.61,0.74,605.8,19.74324324,AQN,19.74324324
5/25/2022 16:00,14.58,0.74,605.8,19.7027027,AQN,19.7027027
5/26/2022 16:00,14.5,0.74,605.8,19.59459459,AQN,19.59459459
5/27/2022 16:00,14.51,0.74,605.8,19.60810811,AQN,19.60810811
5/31/2022 16:00,14.56,0.74,605.8,19.67567568,AQN,19.67567568
6/1/2022 16:00,14.3,0.74,605.8,19.32432432,AQN,19.32432432
6/2/2022 16:00,14.64,0.74,605.8,19.78378378,AQN,19.78378378
6/3/2022 16:00,14.63,0.74,605.8,19.77027027,AQN,19.77027027
6/6/2022 16:00,14.73,0.74,605.8,19.90540541,AQN,19.90540541
6/7/2022 16:00,14.67,0.74,605.8,19.82432432,AQN,19.82432432
6/8/2022 16:00,14.62,0.74,605.8,19.75675676,AQN,19.75675676
6/9/2022 16:00,14.3,0.74,605.8,19.32432432,AQN,19.32432432
6/10/2022 16:00,14.18,0.74,605.8,19.16216216,AQN,19.16216216
6/13/2022 16:00,13.82,0.74,605.8,18.67567568,AQN,18.67567568
6/14/2022 16:00,13.19,0.74,605.8,17.82432432,AQN,17.82432432
6/15/2022 16:00,13.35,0.74,605.8,18.04054054,AQN,18.04054054
6/16/2022 16:00,13.06,0.74,605.8,17.64864865,AQN,17.64864865
6/17/2022 16:00,12.96,0.74,605.8,17.51351351,AQN,17.51351351
6/21/2022 16:00,13.18,0.74,605.8,17.81081081,AQN,17.81081081
6/22/2022 16:00,13.28,0.74,605.8,17.94594595,AQN,17.94594595
6/23/2022 16:00,13.52,0.74,605.8,18.27027027,AQN,18.27027027
6/24/2022 16:00,13.86,0.74,605.8,18.72972973,AQN,18.72972973
6/27/2022 16:00,13.93,0.74,605.8,18.82432432,AQN,18.82432432
6/28/2022 16:00,13.81,0.74,605.8,18.66216216,AQN,18.66216216
6/29/2022 16:00,13.46,0.74,605.8,18.18918919,AQN,18.18918919
6/30/2022 16:00,13.43,0.74,605.8,18.14864865,AQN,18.14864865
7/1/2022 16:00,13.78,0.74,535,18.62162162,AQN,18.62162162
7/5/2022 16:00,13.29,0.74,535,17.95945946,AQN,17.95945946
7/6/2022 16:00,13.44,0.74,535,18.16216216,AQN,18.16216216
7/7/2022 16:00,13.4,0.74,535,18.10810811,AQN,18.10810811
7/8/2022 16:00,13.48,0.74,535,18.21621622,AQN,18.21621622
7/11/2022 16:00,13.37,0.74,535,18.06756757,AQN,18.06756757
7/12/2022 16:00,13.32,0.74,535,18,AQN,18
7/13/2022 16:00,13.4,0.74,535,18.10810811,AQN,18.10810811
7/14/2022 16:00,13.28,0.74,535,17.94594595,AQN,17.94594595
7/15/2022 16:00,13.3,0.74,535,17.97297297,AQN,17.97297297
7/18/2022 16:00,13.3,0.74,535,17.97297297,AQN,17.97297297
7/19/2022 16:00,13.44,0.74,535,18.16216216,AQN,18.16216216
7/20/2022 16:00,13.32,0.74,535,18,AQN,18
7/21/2022 16:00,13.3,0.74,535,17.97297297,AQN,17.97297297
7/22/2022 16:00,13.38,0.74,535,18.08108108,AQN,18.08108108
7/25/2022 16:00,13.56,0.74,535,18.32432432,AQN,18.32432432
7/26/2022 16:00,13.57,0.74,535,18.33783784,AQN,18.33783784
7/27/2022 16:00,13.61,0.74,535,18.39189189,AQN,18.39189189
7/28/2022 16:00,13.92,0.74,535,18.81081081,AQN,18.81081081
7/29/2022 16:00,13.99,0.74,535,18.90540541,AQN,18.90540541
