date,close,eps,revenue,pe,symbol
1/2/2018 16:00,12.51,0.59,103.3,21.20338983,DQ
1/3/2018 16:00,12.63,0.59,103.3,21.40677966,DQ
1/4/2018 16:00,12.5,0.59,103.3,21.18644068,DQ
1/5/2018 16:00,12.96,0.59,103.3,21.96610169,DQ
1/8/2018 16:00,11.17,0.59,103.3,18.93220339,DQ
1/9/2018 16:00,11.99,0.59,103.3,20.3220339,DQ
1/10/2018 16:00,12.11,0.59,103.3,20.52542373,DQ
1/11/2018 16:00,12.8,0.59,103.3,21.69491525,DQ
1/12/2018 16:00,13.65,0.59,103.3,23.13559322,DQ
1/16/2018 16:00,12.85,0.59,103.3,21.77966102,DQ
1/17/2018 16:00,12.72,0.59,103.3,21.55932203,DQ
1/18/2018 16:00,12.69,0.59,103.3,21.50847458,DQ
1/19/2018 16:00,12.2,0.59,103.3,20.6779661,DQ
1/22/2018 16:00,12.65,0.59,103.3,21.44067797,DQ
1/23/2018 16:00,12.51,0.59,103.3,21.20338983,DQ
1/24/2018 16:00,11.73,0.59,103.3,19.88135593,DQ
1/25/2018 16:00,11.84,0.59,103.3,20.06779661,DQ
1/26/2018 16:00,11.7,0.59,103.3,19.83050847,DQ
1/29/2018 16:00,12.12,0.59,103.3,20.54237288,DQ
1/30/2018 16:00,11.43,0.59,103.3,19.37288136,DQ
1/31/2018 16:00,10.89,0.59,103.3,18.45762712,DQ
2/1/2018 16:00,10.68,0.59,103.3,18.10169492,DQ
2/2/2018 16:00,10.29,0.59,103.3,17.44067797,DQ
2/5/2018 16:00,9.68,0.59,103.3,16.40677966,DQ
2/6/2018 16:00,10.46,0.59,103.3,17.72881356,DQ
2/7/2018 16:00,10.03,0.59,103.3,17,DQ
2/8/2018 16:00,9.8,0.59,103.3,16.61016949,DQ
2/9/2018 16:00,9.95,0.59,103.3,16.86440678,DQ
2/12/2018 16:00,9.9,0.59,103.3,16.77966102,DQ
2/13/2018 16:00,10.31,0.59,103.3,17.47457627,DQ
2/14/2018 16:00,10.68,0.59,103.3,18.10169492,DQ
2/15/2018 16:00,10.66,0.59,103.3,18.06779661,DQ
2/16/2018 16:00,10.65,0.59,103.3,18.05084746,DQ
2/20/2018 16:00,12.3,0.59,103.3,20.84745763,DQ
2/21/2018 16:00,12.46,0.59,103.3,21.11864407,DQ
2/22/2018 16:00,12.38,0.59,103.3,20.98305085,DQ
2/23/2018 16:00,11.92,0.59,103.3,20.20338983,DQ
2/26/2018 16:00,11.34,0.59,103.3,19.22033898,DQ
2/27/2018 16:00,11.08,0.59,103.3,18.77966102,DQ
2/28/2018 16:00,9.83,0.59,103.3,16.66101695,DQ
3/1/2018 16:00,9.55,0.59,103.3,16.18644068,DQ
3/2/2018 16:00,9.59,0.59,103.3,16.25423729,DQ
3/5/2018 16:00,9.35,0.59,103.3,15.84745763,DQ
3/6/2018 16:00,9.44,0.59,103.3,16,DQ
3/7/2018 16:00,9.65,0.59,103.3,16.3559322,DQ
3/8/2018 16:00,9.02,0.59,103.3,15.28813559,DQ
3/9/2018 16:00,8.91,0.59,103.3,15.10169492,DQ
3/12/2018 16:00,9.42,0.59,103.3,15.96610169,DQ
3/13/2018 16:00,9,0.59,103.3,15.25423729,DQ
3/14/2018 16:00,9.01,0.59,103.3,15.27118644,DQ
3/15/2018 16:00,9.08,0.59,103.3,15.38983051,DQ
3/16/2018 16:00,9.49,0.59,103.3,16.08474576,DQ
3/19/2018 16:00,8.89,0.59,103.3,15.06779661,DQ
3/20/2018 16:00,9.2,0.59,103.3,15.59322034,DQ
3/21/2018 16:00,10.04,0.59,103.3,17.01694915,DQ
3/22/2018 16:00,10.15,0.59,103.3,17.20338983,DQ
3/23/2018 16:00,9.92,0.59,103.3,16.81355932,DQ
3/26/2018 16:00,10.22,0.59,103.3,17.3220339,DQ
3/27/2018 16:00,9.5,0.59,103.3,16.10169492,DQ
3/28/2018 16:00,9.34,0.59,103.3,15.83050847,DQ
3/29/2018 16:00,9.79,0.59,103.3,16.59322034,DQ
4/2/2018 16:00,9.72,0.59,63,16.47457627,DQ
4/3/2018 16:00,10.19,0.59,63,17.27118644,DQ
4/4/2018 16:00,10.91,0.59,63,18.49152542,DQ
4/5/2018 16:00,10.76,0.59,63,18.23728814,DQ
4/6/2018 16:00,11.17,0.59,63,18.93220339,DQ
4/9/2018 16:00,11.48,0.59,63,19.45762712,DQ
4/10/2018 16:00,12.21,0.59,63,20.69491525,DQ
4/11/2018 16:00,11.85,0.59,63,20.08474576,DQ
4/12/2018 16:00,10.59,0.59,63,17.94915254,DQ
4/13/2018 16:00,10.33,0.59,63,17.50847458,DQ
4/16/2018 16:00,10.26,0.59,63,17.38983051,DQ
4/17/2018 16:00,10.46,0.59,63,17.72881356,DQ
4/18/2018 16:00,10.93,0.59,63,18.52542373,DQ
4/19/2018 16:00,10.66,0.59,63,18.06779661,DQ
4/20/2018 16:00,10.9,0.59,63,18.47457627,DQ
4/23/2018 16:00,10.76,0.59,63,18.23728814,DQ
4/24/2018 16:00,10.62,0.59,63,18,DQ
4/25/2018 16:00,10.41,0.59,63,17.6440678,DQ
4/26/2018 16:00,10.92,0.59,63,18.50847458,DQ
4/27/2018 16:00,10.9,0.59,63,18.47457627,DQ
4/30/2018 16:00,10.67,0.59,63,18.08474576,DQ
5/1/2018 16:00,10.49,0.59,63,17.77966102,DQ
5/2/2018 16:00,10.86,0.59,63,18.40677966,DQ
5/3/2018 16:00,10.64,0.59,63,18.03389831,DQ
5/4/2018 16:00,10.8,0.59,63,18.30508475,DQ
5/7/2018 16:00,10.87,0.59,63,18.42372881,DQ
5/8/2018 16:00,10.86,0.59,63,18.40677966,DQ
5/9/2018 16:00,10.98,0.59,63,18.61016949,DQ
5/10/2018 16:00,10.99,0.59,63,18.62711864,DQ
5/11/2018 16:00,11.02,0.59,63,18.6779661,DQ
5/14/2018 16:00,12.05,0.59,63,20.42372881,DQ
5/15/2018 16:00,11.81,0.59,63,20.01694915,DQ
5/16/2018 16:00,13.45,0.59,63,22.79661017,DQ
5/17/2018 16:00,13.02,0.59,63,22.06779661,DQ
5/18/2018 16:00,12.97,0.59,63,21.98305085,DQ
5/21/2018 16:00,13.1,0.59,63,22.20338983,DQ
5/22/2018 16:00,13.6,0.59,63,23.05084746,DQ
5/23/2018 16:00,12.75,0.59,63,21.61016949,DQ
5/24/2018 16:00,12.92,0.59,63,21.89830508,DQ
5/25/2018 16:00,13.14,0.59,63,22.27118644,DQ
5/29/2018 16:00,13,0.59,63,22.03389831,DQ
5/30/2018 16:00,11.43,0.59,63,19.37288136,DQ
5/31/2018 16:00,11.53,0.59,63,19.54237288,DQ
6/1/2018 16:00,10.54,0.59,63,17.86440678,DQ
6/4/2018 16:00,8.36,0.59,63,14.16949153,DQ
6/5/2018 16:00,8.44,0.59,63,14.30508475,DQ
6/6/2018 16:00,8.03,0.59,63,13.61016949,DQ
6/7/2018 16:00,8.03,0.59,63,13.61016949,DQ
6/8/2018 16:00,7.99,0.59,63,13.54237288,DQ
6/11/2018 16:00,7.87,0.59,63,13.33898305,DQ
6/12/2018 16:00,7.99,0.59,63,13.54237288,DQ
6/13/2018 16:00,7.94,0.59,63,13.45762712,DQ
6/14/2018 16:00,7.55,0.59,63,12.79661017,DQ
6/15/2018 16:00,7.02,0.59,63,11.89830508,DQ
6/18/2018 16:00,6.94,0.59,63,11.76271186,DQ
6/19/2018 16:00,7.08,0.59,63,12,DQ
6/20/2018 16:00,6.98,0.59,63,11.83050847,DQ
6/21/2018 16:00,6.92,0.59,63,11.72881356,DQ
6/22/2018 16:00,7.05,0.59,63,11.94915254,DQ
6/25/2018 16:00,6.7,0.59,63,11.3559322,DQ
6/26/2018 16:00,7.04,0.59,63,11.93220339,DQ
6/27/2018 16:00,7.02,0.59,63,11.89830508,DQ
6/28/2018 16:00,7.1,0.59,63,12.03389831,DQ
6/29/2018 16:00,7.11,0.59,63,12.05084746,DQ
7/2/2018 16:00,7.28,0.59,67.4,12.33898305,DQ
7/3/2018 13:00,7.42,0.59,67.4,12.57627119,DQ
7/5/2018 16:00,7.74,0.59,67.4,13.11864407,DQ
7/6/2018 16:00,7.71,0.59,67.4,13.06779661,DQ
7/9/2018 16:00,7.88,0.59,67.4,13.3559322,DQ
7/10/2018 16:00,7.63,0.59,67.4,12.93220339,DQ
7/11/2018 16:00,7.44,0.59,67.4,12.61016949,DQ
7/12/2018 16:00,7.47,0.59,67.4,12.66101695,DQ
7/13/2018 16:00,7.47,0.59,67.4,12.66101695,DQ
7/16/2018 16:00,7.1,0.59,67.4,12.03389831,DQ
7/17/2018 16:00,7.24,0.59,67.4,12.27118644,DQ
7/18/2018 16:00,7.53,0.59,67.4,12.76271186,DQ
7/19/2018 16:00,7.48,0.59,67.4,12.6779661,DQ
7/20/2018 16:00,7.37,0.59,67.4,12.49152542,DQ
7/23/2018 16:00,7.57,0.59,67.4,12.83050847,DQ
7/24/2018 16:00,7.65,0.59,67.4,12.96610169,DQ
7/25/2018 16:00,7.71,0.59,67.4,13.06779661,DQ
7/26/2018 16:00,7.58,0.59,67.4,12.84745763,DQ
7/27/2018 16:00,7.4,0.59,67.4,12.54237288,DQ
7/30/2018 16:00,7.21,0.59,67.4,12.22033898,DQ
7/31/2018 16:00,7.05,0.59,67.4,11.94915254,DQ
8/1/2018 16:00,7.22,0.59,67.4,12.23728814,DQ
8/2/2018 16:00,7.05,0.59,67.4,11.94915254,DQ
8/3/2018 16:00,7.1,0.59,67.4,12.03389831,DQ
8/6/2018 16:00,7.49,0.59,67.4,12.69491525,DQ
8/7/2018 16:00,8.06,0.59,67.4,13.66101695,DQ
8/8/2018 16:00,8,0.59,67.4,13.55932203,DQ
8/9/2018 16:00,7.97,0.59,67.4,13.50847458,DQ
8/10/2018 16:00,7.74,0.59,67.4,13.11864407,DQ
8/13/2018 16:00,7.42,0.59,67.4,12.57627119,DQ
8/14/2018 16:00,7.53,0.59,67.4,12.76271186,DQ
8/15/2018 16:00,7.34,0.59,67.4,12.44067797,DQ
8/16/2018 16:00,7.42,0.59,67.4,12.57627119,DQ
8/17/2018 16:00,7.03,0.59,67.4,11.91525424,DQ
8/20/2018 16:00,7.04,0.59,67.4,11.93220339,DQ
8/21/2018 16:00,6.87,0.59,67.4,11.6440678,DQ
8/22/2018 16:00,6.72,0.59,67.4,11.38983051,DQ
8/23/2018 16:00,6.82,0.59,67.4,11.55932203,DQ
8/24/2018 16:00,7.33,0.59,67.4,12.42372881,DQ
8/27/2018 16:00,7.43,0.59,67.4,12.59322034,DQ
8/28/2018 16:00,7.37,0.59,67.4,12.49152542,DQ
8/29/2018 16:00,7.45,0.59,67.4,12.62711864,DQ
8/30/2018 16:00,7.03,0.59,67.4,11.91525424,DQ
8/31/2018 16:00,7.13,0.59,67.4,12.08474576,DQ
9/4/2018 16:00,7.17,0.59,67.4,12.15254237,DQ
9/5/2018 16:00,6.62,0.59,67.4,11.22033898,DQ
9/6/2018 16:00,6.67,0.59,67.4,11.30508475,DQ
9/7/2018 16:00,6.21,0.59,67.4,10.52542373,DQ
9/10/2018 16:00,6.26,0.59,67.4,10.61016949,DQ
9/11/2018 16:00,6.34,0.59,67.4,10.74576271,DQ
9/12/2018 16:00,6.22,0.59,67.4,10.54237288,DQ
9/13/2018 16:00,6.33,0.59,67.4,10.72881356,DQ
9/14/2018 16:00,6.16,0.59,67.4,10.44067797,DQ
9/17/2018 16:00,5.91,0.59,67.4,10.01694915,DQ
9/18/2018 16:00,5.95,0.59,67.4,10.08474576,DQ
9/19/2018 16:00,5.91,0.59,67.4,10.01694915,DQ
9/20/2018 16:00,6.17,0.59,67.4,10.45762712,DQ
9/21/2018 16:00,6.04,0.59,67.4,10.23728814,DQ
9/24/2018 16:00,6.15,0.59,67.4,10.42372881,DQ
9/25/2018 16:00,5.55,0.59,67.4,9.406779661,DQ
9/26/2018 16:00,5.33,0.59,67.4,9.033898305,DQ
9/27/2018 16:00,5.11,0.59,67.4,8.661016949,DQ
9/28/2018 16:00,5.22,0.59,67.4,8.847457627,DQ
10/1/2018 16:00,5.28,0.59,75.6,8.949152542,DQ
10/2/2018 16:00,5.5,0.59,75.6,9.322033898,DQ
10/3/2018 16:00,5.6,0.59,75.6,9.491525424,DQ
10/4/2018 16:00,5.46,0.59,75.6,9.254237288,DQ
10/5/2018 16:00,5.27,0.59,75.6,8.93220339,DQ
10/8/2018 16:00,5.26,0.59,75.6,8.915254237,DQ
10/9/2018 16:00,5.23,0.59,75.6,8.86440678,DQ
10/10/2018 16:00,5.02,0.59,75.6,8.508474576,DQ
10/11/2018 16:00,5.04,0.59,75.6,8.542372881,DQ
10/12/2018 16:00,5.15,0.59,75.6,8.728813559,DQ
10/15/2018 16:00,5.41,0.59,75.6,9.169491525,DQ
10/16/2018 16:00,5.56,0.59,75.6,9.423728814,DQ
10/17/2018 16:00,4.99,0.59,75.6,8.457627119,DQ
10/18/2018 16:00,4.92,0.59,75.6,8.338983051,DQ
10/19/2018 16:00,4.63,0.59,75.6,7.847457627,DQ
10/22/2018 16:00,4.59,0.59,75.6,7.779661017,DQ
10/23/2018 16:00,4.48,0.59,75.6,7.593220339,DQ
10/24/2018 16:00,4.2,0.59,75.6,7.118644068,DQ
10/25/2018 16:00,4.37,0.59,75.6,7.406779661,DQ
10/26/2018 16:00,4.21,0.59,75.6,7.13559322,DQ
10/29/2018 16:00,4.18,0.59,75.6,7.084745763,DQ
10/30/2018 16:00,4.23,0.59,75.6,7.169491525,DQ
10/31/2018 16:00,4.27,0.59,75.6,7.237288136,DQ
11/1/2018 16:00,4.83,0.59,75.6,8.186440678,DQ
11/2/2018 16:00,5.14,0.59,75.6,8.711864407,DQ
11/5/2018 16:00,5.24,0.59,75.6,8.881355932,DQ
11/6/2018 16:00,5.39,0.59,75.6,9.13559322,DQ
11/7/2018 16:00,5.61,0.59,75.6,9.508474576,DQ
11/8/2018 16:00,5.13,0.59,75.6,8.694915254,DQ
11/9/2018 16:00,5.12,0.59,75.6,8.677966102,DQ
11/12/2018 16:00,5,0.59,75.6,8.474576271,DQ
11/13/2018 16:00,4.29,0.59,75.6,7.271186441,DQ
11/14/2018 16:00,4.32,0.59,75.6,7.322033898,DQ
11/15/2018 16:00,4.64,0.59,75.6,7.86440678,DQ
11/16/2018 16:00,4.85,0.59,75.6,8.220338983,DQ
11/19/2018 16:00,4.84,0.59,75.6,8.203389831,DQ
11/20/2018 16:00,4.6,0.59,75.6,7.796610169,DQ
11/21/2018 16:00,4.79,0.59,75.6,8.118644068,DQ
11/23/2018 13:00,4.76,0.59,75.6,8.06779661,DQ
11/26/2018 16:00,4.56,0.59,75.6,7.728813559,DQ
11/27/2018 16:00,5.1,0.59,75.6,8.644067797,DQ
11/28/2018 16:00,5.43,0.59,75.6,9.203389831,DQ
11/29/2018 16:00,5.2,0.59,75.6,8.813559322,DQ
11/30/2018 16:00,5.22,0.59,75.6,8.847457627,DQ
12/3/2018 16:00,5.3,0.59,75.6,8.983050847,DQ
12/4/2018 16:00,4.99,0.59,75.6,8.457627119,DQ
12/6/2018 16:00,5,0.59,75.6,8.474576271,DQ
12/7/2018 16:00,4.86,0.59,75.6,8.237288136,DQ
12/10/2018 16:00,5.02,0.59,75.6,8.508474576,DQ
12/11/2018 16:00,4.94,0.59,75.6,8.372881356,DQ
12/12/2018 16:00,5.07,0.59,75.6,8.593220339,DQ
12/13/2018 16:00,5.1,0.59,75.6,8.644067797,DQ
12/14/2018 16:00,4.92,0.59,75.6,8.338983051,DQ
12/17/2018 16:00,4.87,0.59,75.6,8.254237288,DQ
12/18/2018 16:00,4.96,0.59,75.6,8.406779661,DQ
12/19/2018 16:00,4.95,0.59,75.6,8.389830508,DQ
12/20/2018 16:00,4.76,0.59,75.6,8.06779661,DQ
12/21/2018 16:00,4.44,0.59,75.6,7.525423729,DQ
12/24/2018 13:00,4.51,0.59,75.6,7.644067797,DQ
12/26/2018 16:00,4.69,0.59,75.6,7.949152542,DQ
12/27/2018 16:00,4.79,0.59,75.6,8.118644068,DQ
12/28/2018 16:00,4.72,0.59,75.6,8,DQ
12/31/2018 16:00,4.68,0.59,75.6,7.93220339,DQ
1/2/2019 16:00,4.81,0.42,81.2,11.45238095,DQ
1/3/2019 16:00,4.66,0.42,81.2,11.0952381,DQ
1/4/2019 16:00,4.95,0.42,81.2,11.78571429,DQ
1/7/2019 16:00,5.31,0.42,81.2,12.64285714,DQ
1/8/2019 16:00,5.21,0.42,81.2,12.4047619,DQ
1/9/2019 16:00,5.16,0.42,81.2,12.28571429,DQ
1/10/2019 16:00,5.37,0.42,81.2,12.78571429,DQ
1/11/2019 16:00,5.3,0.42,81.2,12.61904762,DQ
1/14/2019 16:00,5.16,0.42,81.2,12.28571429,DQ
1/15/2019 16:00,5.16,0.42,81.2,12.28571429,DQ
1/16/2019 16:00,5.42,0.42,81.2,12.9047619,DQ
1/17/2019 16:00,5.61,0.42,81.2,13.35714286,DQ
1/18/2019 16:00,5.87,0.42,81.2,13.97619048,DQ
1/22/2019 16:00,6.06,0.42,81.2,14.42857143,DQ
1/23/2019 16:00,6.24,0.42,81.2,14.85714286,DQ
1/24/2019 16:00,6.63,0.42,81.2,15.78571429,DQ
1/25/2019 16:00,6.91,0.42,81.2,16.45238095,DQ
1/28/2019 16:00,6.94,0.42,81.2,16.52380952,DQ
1/29/2019 16:00,6.74,0.42,81.2,16.04761905,DQ
1/30/2019 16:00,7.39,0.42,81.2,17.5952381,DQ
1/31/2019 16:00,8.01,0.42,81.2,19.07142857,DQ
2/1/2019 16:00,6.96,0.42,81.2,16.57142857,DQ
2/4/2019 16:00,6.86,0.42,81.2,16.33333333,DQ
2/5/2019 16:00,6.73,0.42,81.2,16.02380952,DQ
2/6/2019 16:00,6.85,0.42,81.2,16.30952381,DQ
2/7/2019 16:00,6.5,0.42,81.2,15.47619048,DQ
2/8/2019 16:00,6.27,0.42,81.2,14.92857143,DQ
2/11/2019 16:00,6.64,0.42,81.2,15.80952381,DQ
2/12/2019 16:00,6.86,0.42,81.2,16.33333333,DQ
2/13/2019 16:00,6.86,0.42,81.2,16.33333333,DQ
2/14/2019 16:00,6.99,0.42,81.2,16.64285714,DQ
2/15/2019 16:00,6.12,0.42,81.2,14.57142857,DQ
2/19/2019 16:00,6.76,0.42,81.2,16.0952381,DQ
2/20/2019 16:00,6.73,0.42,81.2,16.02380952,DQ
2/21/2019 16:00,7.13,0.42,81.2,16.97619048,DQ
2/22/2019 16:00,7.97,0.42,81.2,18.97619048,DQ
2/25/2019 16:00,7.81,0.42,81.2,18.5952381,DQ
2/26/2019 16:00,7.38,0.42,81.2,17.57142857,DQ
2/27/2019 16:00,7.27,0.42,81.2,17.30952381,DQ
2/28/2019 16:00,7.28,0.42,81.2,17.33333333,DQ
3/1/2019 16:00,7.73,0.42,81.2,18.4047619,DQ
3/4/2019 16:00,7.6,0.42,81.2,18.0952381,DQ
3/5/2019 16:00,7.27,0.42,81.2,17.30952381,DQ
3/6/2019 16:00,7.03,0.42,81.2,16.73809524,DQ
3/7/2019 16:00,6.7,0.42,81.2,15.95238095,DQ
3/8/2019 16:00,6.48,0.42,81.2,15.42857143,DQ
3/11/2019 16:00,6.86,0.42,81.2,16.33333333,DQ
3/12/2019 16:00,6.85,0.42,81.2,16.30952381,DQ
3/13/2019 16:00,6.74,0.42,81.2,16.04761905,DQ
3/14/2019 16:00,6.73,0.42,81.2,16.02380952,DQ
3/15/2019 16:00,6.58,0.42,81.2,15.66666667,DQ
3/18/2019 16:00,6.72,0.42,81.2,16,DQ
3/19/2019 16:00,7.05,0.42,81.2,16.78571429,DQ
3/20/2019 16:00,7.14,0.42,81.2,17,DQ
3/21/2019 16:00,6.53,0.42,81.2,15.54761905,DQ
3/22/2019 16:00,6.29,0.42,81.2,14.97619048,DQ
3/25/2019 16:00,6.34,0.42,81.2,15.0952381,DQ
3/26/2019 16:00,6.23,0.42,81.2,14.83333333,DQ
3/27/2019 16:00,6.21,0.42,81.2,14.78571429,DQ
3/28/2019 16:00,6.47,0.42,81.2,15.4047619,DQ
3/29/2019 16:00,6.61,0.42,81.2,15.73809524,DQ
4/1/2019 16:00,7.1,0.42,66,16.9047619,DQ
4/2/2019 16:00,6.98,0.42,66,16.61904762,DQ
4/3/2019 16:00,6.86,0.42,66,16.33333333,DQ
4/4/2019 16:00,7.12,0.42,66,16.95238095,DQ
4/5/2019 16:00,7.25,0.42,66,17.26190476,DQ
4/8/2019 16:00,7.37,0.42,66,17.54761905,DQ
4/9/2019 16:00,7.02,0.42,66,16.71428571,DQ
4/10/2019 16:00,7.03,0.42,66,16.73809524,DQ
4/11/2019 16:00,6.69,0.42,66,15.92857143,DQ
4/12/2019 16:00,7.02,0.42,66,16.71428571,DQ
4/15/2019 16:00,6.95,0.42,66,16.54761905,DQ
4/16/2019 16:00,7.13,0.42,66,16.97619048,DQ
4/17/2019 16:00,7.49,0.42,66,17.83333333,DQ
4/18/2019 16:00,7.46,0.42,66,17.76190476,DQ
4/22/2019 16:00,7.53,0.42,66,17.92857143,DQ
4/23/2019 16:00,7.58,0.42,66,18.04761905,DQ
4/24/2019 16:00,7.59,0.42,66,18.07142857,DQ
4/25/2019 16:00,7.49,0.42,66,17.83333333,DQ
4/26/2019 16:00,7.48,0.42,66,17.80952381,DQ
4/29/2019 16:00,7.4,0.42,66,17.61904762,DQ
4/30/2019 16:00,7.41,0.42,66,17.64285714,DQ
5/1/2019 16:00,7.43,0.42,66,17.69047619,DQ
5/2/2019 16:00,7.6,0.42,66,18.0952381,DQ
5/3/2019 16:00,7.65,0.42,66,18.21428571,DQ
5/6/2019 16:00,7.13,0.42,66,16.97619048,DQ
5/7/2019 16:00,7.15,0.42,66,17.02380952,DQ
5/8/2019 16:00,7.04,0.42,66,16.76190476,DQ
5/9/2019 16:00,6.74,0.42,66,16.04761905,DQ
5/10/2019 16:00,6.88,0.42,66,16.38095238,DQ
5/13/2019 16:00,6.48,0.42,66,15.42857143,DQ
5/14/2019 16:00,6.68,0.42,66,15.9047619,DQ
5/15/2019 16:00,6.98,0.42,66,16.61904762,DQ
5/16/2019 16:00,7.25,0.42,66,17.26190476,DQ
5/17/2019 16:00,6.55,0.42,66,15.5952381,DQ
5/20/2019 16:00,6.23,0.42,66,14.83333333,DQ
5/21/2019 16:00,7.18,0.42,66,17.0952381,DQ
5/22/2019 16:00,7.71,0.42,66,18.35714286,DQ
5/23/2019 16:00,7.29,0.42,66,17.35714286,DQ
5/24/2019 16:00,7.31,0.42,66,17.4047619,DQ
5/28/2019 16:00,7.31,0.42,66,17.4047619,DQ
5/29/2019 16:00,7.19,0.42,66,17.11904762,DQ
5/30/2019 16:00,7.55,0.42,66,17.97619048,DQ
5/31/2019 16:00,7.6,0.42,66,18.0952381,DQ
6/3/2019 16:00,8.61,0.42,66,20.5,DQ
6/4/2019 16:00,8.43,0.42,66,20.07142857,DQ
6/5/2019 16:00,8.38,0.42,66,19.95238095,DQ
6/6/2019 16:00,8.29,0.42,66,19.73809524,DQ
6/7/2019 16:00,8.48,0.42,66,20.19047619,DQ
6/10/2019 16:00,9.14,0.42,66,21.76190476,DQ
6/11/2019 16:00,9.01,0.42,66,21.45238095,DQ
6/12/2019 16:00,8.79,0.42,66,20.92857143,DQ
6/13/2019 16:00,9.1,0.42,66,21.66666667,DQ
6/14/2019 16:00,9.1,0.42,66,21.66666667,DQ
6/17/2019 16:00,8.36,0.42,66,19.9047619,DQ
6/18/2019 16:00,8.55,0.42,66,20.35714286,DQ
6/19/2019 16:00,8.82,0.42,66,21,DQ
6/20/2019 16:00,8.6,0.42,66,20.47619048,DQ
6/21/2019 16:00,8.47,0.42,66,20.16666667,DQ
6/24/2019 16:00,8.51,0.42,66,20.26190476,DQ
6/25/2019 16:00,7.98,0.42,66,19,DQ
6/26/2019 16:00,8.19,0.42,66,19.5,DQ
6/27/2019 16:00,8.35,0.42,66,19.88095238,DQ
6/28/2019 16:00,8.47,0.42,66,20.16666667,DQ
7/1/2019 16:00,8.81,0.42,83.9,20.97619048,DQ
7/2/2019 16:00,8.73,0.42,83.9,20.78571429,DQ
7/3/2019 13:00,8.49,0.42,83.9,20.21428571,DQ
7/5/2019 16:00,8.71,0.42,83.9,20.73809524,DQ
7/8/2019 16:00,8.21,0.42,83.9,19.54761905,DQ
7/9/2019 16:00,8.1,0.42,83.9,19.28571429,DQ
7/10/2019 16:00,8.2,0.42,83.9,19.52380952,DQ
7/11/2019 16:00,7.72,0.42,83.9,18.38095238,DQ
7/12/2019 16:00,8.53,0.42,83.9,20.30952381,DQ
7/15/2019 16:00,8.62,0.42,83.9,20.52380952,DQ
7/16/2019 16:00,8.42,0.42,83.9,20.04761905,DQ
7/17/2019 16:00,8.56,0.42,83.9,20.38095238,DQ
7/18/2019 16:00,8.55,0.42,83.9,20.35714286,DQ
7/19/2019 16:00,8.83,0.42,83.9,21.02380952,DQ
7/22/2019 16:00,8.53,0.42,83.9,20.30952381,DQ
7/23/2019 16:00,8.71,0.42,83.9,20.73809524,DQ
7/24/2019 16:00,8.79,0.42,83.9,20.92857143,DQ
7/25/2019 16:00,8.54,0.42,83.9,20.33333333,DQ
7/26/2019 16:00,8.62,0.42,83.9,20.52380952,DQ
7/29/2019 16:00,8.42,0.42,83.9,20.04761905,DQ
7/30/2019 16:00,8.66,0.42,83.9,20.61904762,DQ
7/31/2019 16:00,8.39,0.42,83.9,19.97619048,DQ
8/1/2019 16:00,8.52,0.42,83.9,20.28571429,DQ
8/2/2019 16:00,8.72,0.42,83.9,20.76190476,DQ
8/5/2019 16:00,7.97,0.42,83.9,18.97619048,DQ
8/6/2019 16:00,8.11,0.42,83.9,19.30952381,DQ
8/7/2019 16:00,8.26,0.42,83.9,19.66666667,DQ
8/8/2019 16:00,8.54,0.42,83.9,20.33333333,DQ
8/9/2019 16:00,8.43,0.42,83.9,20.07142857,DQ
8/12/2019 16:00,8.63,0.42,83.9,20.54761905,DQ
8/13/2019 16:00,8.45,0.42,83.9,20.11904762,DQ
8/14/2019 16:00,7.93,0.42,83.9,18.88095238,DQ
8/15/2019 16:00,8.27,0.42,83.9,19.69047619,DQ
8/16/2019 16:00,8.74,0.42,83.9,20.80952381,DQ
8/19/2019 16:00,8.86,0.42,83.9,21.0952381,DQ
8/20/2019 16:00,9.09,0.42,83.9,21.64285714,DQ
8/21/2019 16:00,10.6,0.42,83.9,25.23809524,DQ
8/22/2019 16:00,10.03,0.42,83.9,23.88095238,DQ
8/23/2019 16:00,9.73,0.42,83.9,23.16666667,DQ
8/26/2019 16:00,10.11,0.42,83.9,24.07142857,DQ
8/27/2019 16:00,10.3,0.42,83.9,24.52380952,DQ
8/28/2019 16:00,10.29,0.42,83.9,24.5,DQ
8/29/2019 16:00,10.31,0.42,83.9,24.54761905,DQ
8/30/2019 16:00,10.32,0.42,83.9,24.57142857,DQ
9/3/2019 16:00,10.06,0.42,83.9,23.95238095,DQ
9/4/2019 16:00,10.33,0.42,83.9,24.5952381,DQ
9/5/2019 16:00,10.19,0.42,83.9,24.26190476,DQ
9/6/2019 16:00,10.2,0.42,83.9,24.28571429,DQ
9/9/2019 16:00,9.65,0.42,83.9,22.97619048,DQ
9/10/2019 16:00,9.68,0.42,83.9,23.04761905,DQ
9/11/2019 16:00,9.89,0.42,83.9,23.54761905,DQ
9/12/2019 16:00,9.53,0.42,83.9,22.69047619,DQ
9/13/2019 16:00,9.64,0.42,83.9,22.95238095,DQ
9/16/2019 16:00,10.2,0.42,83.9,24.28571429,DQ
9/17/2019 16:00,10.22,0.42,83.9,24.33333333,DQ
9/18/2019 16:00,10.24,0.42,83.9,24.38095238,DQ
9/19/2019 16:00,10.27,0.42,83.9,24.45238095,DQ
9/20/2019 16:00,10.17,0.42,83.9,24.21428571,DQ
9/23/2019 16:00,10.29,0.42,83.9,24.5,DQ
9/24/2019 16:00,9.58,0.42,83.9,22.80952381,DQ
9/25/2019 16:00,9.55,0.42,83.9,22.73809524,DQ
9/26/2019 16:00,9.26,0.42,83.9,22.04761905,DQ
9/27/2019 16:00,8.91,0.42,83.9,21.21428571,DQ
9/30/2019 16:00,9.22,0.42,83.9,21.95238095,DQ
10/1/2019 16:00,8.99,0.42,118.9,21.4047619,DQ
10/2/2019 16:00,8.77,0.42,118.9,20.88095238,DQ
10/3/2019 16:00,8.92,0.42,118.9,21.23809524,DQ
10/4/2019 16:00,9.08,0.42,118.9,21.61904762,DQ
10/7/2019 16:00,8.77,0.42,118.9,20.88095238,DQ
10/8/2019 16:00,8.76,0.42,118.9,20.85714286,DQ
10/9/2019 16:00,8.72,0.42,118.9,20.76190476,DQ
10/10/2019 16:00,8.78,0.42,118.9,20.9047619,DQ
10/11/2019 16:00,8.71,0.42,118.9,20.73809524,DQ
10/14/2019 16:00,8.81,0.42,118.9,20.97619048,DQ
10/15/2019 16:00,8.7,0.42,118.9,20.71428571,DQ
10/16/2019 16:00,8.1,0.42,118.9,19.28571429,DQ
10/17/2019 16:00,8.17,0.42,118.9,19.45238095,DQ
10/18/2019 16:00,8.04,0.42,118.9,19.14285714,DQ
10/21/2019 16:00,7.99,0.42,118.9,19.02380952,DQ
10/22/2019 16:00,7.88,0.42,118.9,18.76190476,DQ
10/23/2019 16:00,7.89,0.42,118.9,18.78571429,DQ
10/24/2019 16:00,8.27,0.42,118.9,19.69047619,DQ
10/25/2019 16:00,8.12,0.42,118.9,19.33333333,DQ
10/28/2019 16:00,7.94,0.42,118.9,18.9047619,DQ
10/29/2019 16:00,7.92,0.42,118.9,18.85714286,DQ
10/30/2019 16:00,7.35,0.42,118.9,17.5,DQ
10/31/2019 16:00,7.59,0.42,118.9,18.07142857,DQ
11/1/2019 16:00,7.73,0.42,118.9,18.4047619,DQ
11/4/2019 16:00,7.5,0.42,118.9,17.85714286,DQ
11/5/2019 16:00,7.51,0.42,118.9,17.88095238,DQ
11/6/2019 16:00,7.47,0.42,118.9,17.78571429,DQ
11/7/2019 16:00,7.27,0.42,118.9,17.30952381,DQ
11/8/2019 16:00,7.34,0.42,118.9,17.47619048,DQ
11/11/2019 16:00,7.37,0.42,118.9,17.54761905,DQ
11/12/2019 16:00,8.12,0.42,118.9,19.33333333,DQ
11/13/2019 16:00,7.64,0.42,118.9,18.19047619,DQ
11/14/2019 16:00,7.81,0.42,118.9,18.5952381,DQ
11/15/2019 16:00,7.83,0.42,118.9,18.64285714,DQ
11/18/2019 16:00,7.77,0.42,118.9,18.5,DQ
11/19/2019 16:00,7.77,0.42,118.9,18.5,DQ
11/20/2019 16:00,7.91,0.42,118.9,18.83333333,DQ
11/21/2019 16:00,7.55,0.42,118.9,17.97619048,DQ
11/22/2019 16:00,7.56,0.42,118.9,18,DQ
11/25/2019 16:00,7.4,0.42,118.9,17.61904762,DQ
11/26/2019 16:00,7.4,0.42,118.9,17.61904762,DQ
11/27/2019 16:00,7.63,0.42,118.9,18.16666667,DQ
11/29/2019 13:00,7.62,0.42,118.9,18.14285714,DQ
12/2/2019 16:00,8.01,0.42,118.9,19.07142857,DQ
12/3/2019 16:00,8.07,0.42,118.9,19.21428571,DQ
12/4/2019 16:00,8.42,0.42,118.9,20.04761905,DQ
12/5/2019 16:00,8.76,0.42,118.9,20.85714286,DQ
12/6/2019 16:00,9.14,0.42,118.9,21.76190476,DQ
12/9/2019 16:00,9.29,0.42,118.9,22.11904762,DQ
12/10/2019 16:00,9,0.42,118.9,21.42857143,DQ
12/11/2019 16:00,9.28,0.42,118.9,22.0952381,DQ
12/12/2019 16:00,9.51,0.42,118.9,22.64285714,DQ
12/13/2019 16:00,9.48,0.42,118.9,22.57142857,DQ
12/16/2019 16:00,9.93,0.42,118.9,23.64285714,DQ
12/17/2019 16:00,9.94,0.42,118.9,23.66666667,DQ
12/18/2019 16:00,9.71,0.42,118.9,23.11904762,DQ
12/19/2019 16:00,9.77,0.42,118.9,23.26190476,DQ
12/20/2019 16:00,9.99,0.42,118.9,23.78571429,DQ
12/23/2019 16:00,10.21,0.42,118.9,24.30952381,DQ
12/24/2019 13:00,10.33,0.42,118.9,24.5952381,DQ
12/26/2019 16:00,10.3,0.42,118.9,24.52380952,DQ
12/27/2019 16:00,10.33,0.42,118.9,24.5952381,DQ
12/30/2019 16:00,10.07,0.42,118.9,23.97619048,DQ
12/31/2019 16:00,10.24,0.42,118.9,24.38095238,DQ
1/2/2020 16:00,11,1.72,168.8,6.395348837,DQ
1/3/2020 16:00,10.89,1.72,168.8,6.331395349,DQ
1/6/2020 16:00,10.77,1.72,168.8,6.261627907,DQ
1/7/2020 16:00,10.67,1.72,168.8,6.203488372,DQ
1/8/2020 16:00,10.88,1.72,168.8,6.325581395,DQ
1/9/2020 16:00,11.13,1.72,168.8,6.470930233,DQ
1/10/2020 16:00,11.21,1.72,168.8,6.51744186,DQ
1/13/2020 16:00,11.89,1.72,168.8,6.912790698,DQ
1/14/2020 16:00,11.79,1.72,168.8,6.854651163,DQ
1/15/2020 16:00,11.01,1.72,168.8,6.401162791,DQ
1/16/2020 16:00,10.73,1.72,168.8,6.238372093,DQ
1/17/2020 16:00,10.73,1.72,168.8,6.238372093,DQ
1/21/2020 16:00,11.08,1.72,168.8,6.441860465,DQ
1/22/2020 16:00,10.62,1.72,168.8,6.174418605,DQ
1/23/2020 16:00,10.47,1.72,168.8,6.087209302,DQ
1/24/2020 16:00,10.26,1.72,168.8,5.965116279,DQ
1/27/2020 16:00,10.08,1.72,168.8,5.860465116,DQ
1/28/2020 16:00,10.19,1.72,168.8,5.924418605,DQ
1/29/2020 16:00,10.66,1.72,168.8,6.197674419,DQ
1/30/2020 16:00,10.45,1.72,168.8,6.075581395,DQ
1/31/2020 16:00,10.12,1.72,168.8,5.88372093,DQ
2/3/2020 16:00,10.38,1.72,168.8,6.034883721,DQ
2/4/2020 16:00,11.5,1.72,168.8,6.686046512,DQ
2/5/2020 16:00,11.66,1.72,168.8,6.779069767,DQ
2/6/2020 16:00,12.55,1.72,168.8,7.296511628,DQ
2/7/2020 16:00,11.55,1.72,168.8,6.715116279,DQ
2/10/2020 16:00,11.57,1.72,168.8,6.726744186,DQ
2/11/2020 16:00,13.35,1.72,168.8,7.761627907,DQ
2/12/2020 16:00,15.05,1.72,168.8,8.75,DQ
2/13/2020 16:00,14.3,1.72,168.8,8.313953488,DQ
2/14/2020 16:00,14.51,1.72,168.8,8.436046512,DQ
2/18/2020 16:00,14.72,1.72,168.8,8.558139535,DQ
2/19/2020 16:00,15.53,1.72,168.8,9.029069767,DQ
2/20/2020 16:00,15.3,1.72,168.8,8.895348837,DQ
2/21/2020 16:00,15.24,1.72,168.8,8.860465116,DQ
2/24/2020 16:00,14.58,1.72,168.8,8.476744186,DQ
2/25/2020 16:00,14.21,1.72,168.8,8.261627907,DQ
2/26/2020 16:00,14.23,1.72,168.8,8.273255814,DQ
2/27/2020 16:00,13.39,1.72,168.8,7.784883721,DQ
2/28/2020 16:00,13.11,1.72,168.8,7.622093023,DQ
3/2/2020 16:00,12.98,1.72,168.8,7.546511628,DQ
3/3/2020 16:00,12.65,1.72,168.8,7.354651163,DQ
3/4/2020 16:00,12.66,1.72,168.8,7.360465116,DQ
3/5/2020 16:00,12.33,1.72,168.8,7.168604651,DQ
3/6/2020 16:00,11.8,1.72,168.8,6.860465116,DQ
3/9/2020 16:00,10.15,1.72,168.8,5.901162791,DQ
3/10/2020 16:00,11.37,1.72,168.8,6.610465116,DQ
3/11/2020 16:00,11.54,1.72,168.8,6.709302326,DQ
3/12/2020 16:00,10.57,1.72,168.8,6.145348837,DQ
3/13/2020 16:00,11.33,1.72,168.8,6.587209302,DQ
3/16/2020 16:00,10.52,1.72,168.8,6.11627907,DQ
3/17/2020 16:00,11.07,1.72,168.8,6.436046512,DQ
3/18/2020 16:00,8.57,1.72,168.8,4.98255814,DQ
3/19/2020 16:00,9.73,1.72,168.8,5.656976744,DQ
3/20/2020 16:00,9.12,1.72,168.8,5.302325581,DQ
3/23/2020 16:00,8.9,1.72,168.8,5.174418605,DQ
3/24/2020 16:00,11.38,1.72,168.8,6.61627907,DQ
3/25/2020 16:00,11.96,1.72,168.8,6.953488372,DQ
3/26/2020 16:00,11.93,1.72,168.8,6.936046512,DQ
3/27/2020 16:00,10.76,1.72,168.8,6.255813953,DQ
3/30/2020 16:00,11.12,1.72,168.8,6.465116279,DQ
3/31/2020 16:00,11.58,1.72,168.8,6.73255814,DQ
4/1/2020 16:00,10.09,1.72,675.7,5.86627907,DQ
4/2/2020 16:00,10.82,1.72,675.7,6.290697674,DQ
4/3/2020 16:00,10.28,1.72,675.7,5.976744186,DQ
4/6/2020 16:00,10.54,1.72,675.7,6.127906977,DQ
4/7/2020 16:00,10.04,1.72,675.7,5.837209302,DQ
4/8/2020 16:00,10.62,1.72,675.7,6.174418605,DQ
4/9/2020 16:00,9.98,1.72,675.7,5.802325581,DQ
4/13/2020 16:00,10.55,1.72,675.7,6.13372093,DQ
4/14/2020 16:00,10.46,1.72,675.7,6.081395349,DQ
4/15/2020 16:00,9.95,1.72,675.7,5.784883721,DQ
4/16/2020 16:00,9.64,1.72,675.7,5.604651163,DQ
4/17/2020 16:00,9.34,1.72,675.7,5.430232558,DQ
4/20/2020 16:00,9.58,1.72,675.7,5.569767442,DQ
4/21/2020 16:00,8.93,1.72,675.7,5.191860465,DQ
4/22/2020 16:00,9.44,1.72,675.7,5.488372093,DQ
4/23/2020 16:00,9.44,1.72,675.7,5.488372093,DQ
4/24/2020 16:00,9.24,1.72,675.7,5.372093023,DQ
4/27/2020 16:00,9.49,1.72,675.7,5.51744186,DQ
4/28/2020 16:00,9.63,1.72,675.7,5.598837209,DQ
4/29/2020 16:00,10.24,1.72,675.7,5.953488372,DQ
4/30/2020 16:00,10.43,1.72,675.7,6.063953488,DQ
5/1/2020 16:00,9.93,1.72,675.7,5.773255814,DQ
5/4/2020 16:00,9.64,1.72,675.7,5.604651163,DQ
5/5/2020 16:00,9.79,1.72,675.7,5.691860465,DQ
5/6/2020 16:00,11.11,1.72,675.7,6.459302326,DQ
5/7/2020 16:00,10.94,1.72,675.7,6.360465116,DQ
5/8/2020 16:00,11.26,1.72,675.7,6.546511628,DQ
5/11/2020 16:00,11.05,1.72,675.7,6.424418605,DQ
5/12/2020 16:00,10.78,1.72,675.7,6.26744186,DQ
5/13/2020 16:00,10.02,1.72,675.7,5.825581395,DQ
5/14/2020 16:00,9.75,1.72,675.7,5.668604651,DQ
5/15/2020 16:00,9.64,1.72,675.7,5.604651163,DQ
5/18/2020 16:00,10.21,1.72,675.7,5.936046512,DQ
5/19/2020 16:00,10.97,1.72,675.7,6.377906977,DQ
5/20/2020 16:00,11.89,1.72,675.7,6.912790698,DQ
5/21/2020 16:00,11.56,1.72,675.7,6.720930233,DQ
5/22/2020 16:00,10.46,1.72,675.7,6.081395349,DQ
5/26/2020 16:00,10.5,1.72,675.7,6.104651163,DQ
5/27/2020 16:00,10.38,1.72,675.7,6.034883721,DQ
5/28/2020 16:00,10.06,1.72,675.7,5.848837209,DQ
5/29/2020 16:00,10.23,1.72,675.7,5.947674419,DQ
6/1/2020 16:00,10.86,1.72,675.7,6.313953488,DQ
6/2/2020 16:00,10.69,1.72,675.7,6.215116279,DQ
6/3/2020 16:00,11.1,1.72,675.7,6.453488372,DQ
6/4/2020 16:00,11.23,1.72,675.7,6.529069767,DQ
6/5/2020 16:00,11.78,1.72,675.7,6.848837209,DQ
6/8/2020 16:00,12.4,1.72,675.7,7.209302326,DQ
6/9/2020 16:00,11.47,1.72,675.7,6.668604651,DQ
6/10/2020 16:00,11.75,1.72,675.7,6.831395349,DQ
6/11/2020 16:00,11.31,1.72,675.7,6.575581395,DQ
6/12/2020 16:00,11.6,1.72,675.7,6.744186047,DQ
6/15/2020 16:00,11.37,1.72,675.7,6.610465116,DQ
6/16/2020 16:00,11.17,1.72,675.7,6.494186047,DQ
6/17/2020 16:00,11.4,1.72,675.7,6.627906977,DQ
6/18/2020 16:00,11.88,1.72,675.7,6.906976744,DQ
6/19/2020 16:00,12,1.72,675.7,6.976744186,DQ
6/22/2020 16:00,12.04,1.72,675.7,7,DQ
6/23/2020 16:00,13.77,1.72,675.7,8.005813953,DQ
6/24/2020 16:00,14.66,1.72,675.7,8.523255814,DQ
6/25/2020 16:00,14.29,1.72,675.7,8.308139535,DQ
6/26/2020 16:00,13.95,1.72,675.7,8.110465116,DQ
6/29/2020 16:00,15.26,1.72,675.7,8.872093023,DQ
6/30/2020 16:00,14.85,1.72,675.7,8.63372093,DQ
7/1/2020 16:00,17.19,1.72,675.7,9.994186047,DQ
7/2/2020 16:00,17.03,1.72,675.7,9.901162791,DQ
7/6/2020 16:00,19.43,1.72,675.7,11.29651163,DQ
7/7/2020 16:00,17.74,1.72,675.7,10.31395349,DQ
7/8/2020 16:00,18.43,1.72,675.7,10.71511628,DQ
7/9/2020 16:00,18,1.72,675.7,10.46511628,DQ
7/10/2020 16:00,17.92,1.72,675.7,10.41860465,DQ
7/13/2020 16:00,17.53,1.72,675.7,10.19186047,DQ
7/14/2020 16:00,18.55,1.72,675.7,10.78488372,DQ
7/15/2020 16:00,18.63,1.72,675.7,10.83139535,DQ
7/16/2020 16:00,17.52,1.72,675.7,10.18604651,DQ
7/17/2020 16:00,17.74,1.72,675.7,10.31395349,DQ
7/20/2020 16:00,22.22,1.72,675.7,12.91860465,DQ
7/21/2020 16:00,21.36,1.72,675.7,12.41860465,DQ
7/22/2020 16:00,21.89,1.72,675.7,12.72674419,DQ
7/23/2020 16:00,21.89,1.72,675.7,12.72674419,DQ
7/24/2020 16:00,21.71,1.72,675.7,12.62209302,DQ
7/27/2020 16:00,21.88,1.72,675.7,12.72093023,DQ
7/28/2020 16:00,20.85,1.72,675.7,12.12209302,DQ
7/29/2020 16:00,21,1.72,675.7,12.20930233,DQ
7/30/2020 16:00,22.19,1.72,675.7,12.90116279,DQ
7/31/2020 16:00,22.18,1.72,675.7,12.89534884,DQ
8/3/2020 16:00,23.32,1.72,675.7,13.55813953,DQ
8/4/2020 16:00,24.84,1.72,675.7,14.44186047,DQ
8/5/2020 16:00,24.93,1.72,675.7,14.49418605,DQ
8/6/2020 16:00,23.77,1.72,675.7,13.81976744,DQ
8/7/2020 16:00,24.51,1.72,675.7,14.25,DQ
8/10/2020 16:00,23.83,1.72,675.7,13.85465116,DQ
8/11/2020 16:00,23.21,1.72,675.7,13.49418605,DQ
8/12/2020 16:00,23.81,1.72,675.7,13.84302326,DQ
8/13/2020 16:00,23.19,1.72,675.7,13.48255814,DQ
8/14/2020 16:00,22.43,1.72,675.7,13.04069767,DQ
8/17/2020 16:00,22.88,1.72,675.7,13.30232558,DQ
8/18/2020 16:00,24.48,1.72,675.7,14.23255814,DQ
8/19/2020 16:00,25.04,1.72,675.7,14.55813953,DQ
8/20/2020 16:00,24.57,1.72,675.7,14.28488372,DQ
8/21/2020 16:00,24.6,1.72,675.7,14.30232558,DQ
8/24/2020 16:00,24.92,1.72,675.7,14.48837209,DQ
8/25/2020 16:00,26.67,1.72,675.7,15.50581395,DQ
8/26/2020 16:00,25.77,1.72,675.7,14.98255814,DQ
8/27/2020 16:00,24.64,1.72,675.7,14.3255814,DQ
8/28/2020 16:00,25.03,1.72,675.7,14.55232558,DQ
8/31/2020 16:00,22.56,1.72,675.7,13.11627907,DQ
9/1/2020 16:00,22.71,1.72,675.7,13.20348837,DQ
9/2/2020 16:00,22.37,1.72,675.7,13.00581395,DQ
9/3/2020 16:00,20.19,1.72,675.7,11.73837209,DQ
9/4/2020 16:00,19.86,1.72,675.7,11.54651163,DQ
9/8/2020 16:00,20.06,1.72,675.7,11.6627907,DQ
9/9/2020 16:00,19.77,1.72,675.7,11.49418605,DQ
9/10/2020 16:00,19.31,1.72,675.7,11.22674419,DQ
9/11/2020 16:00,22.51,1.72,675.7,13.0872093,DQ
9/14/2020 16:00,23.38,1.72,675.7,13.59302326,DQ
9/15/2020 16:00,24,1.72,675.7,13.95348837,DQ
9/16/2020 16:00,23.77,1.72,675.7,13.81976744,DQ
9/17/2020 16:00,22.84,1.72,675.7,13.27906977,DQ
9/18/2020 16:00,22.28,1.72,675.7,12.95348837,DQ
9/21/2020 16:00,22.56,1.72,675.7,13.11627907,DQ
9/22/2020 16:00,23.02,1.72,675.7,13.38372093,DQ
9/23/2020 16:00,24.9,1.72,675.7,14.47674419,DQ
9/24/2020 16:00,24.28,1.72,675.7,14.11627907,DQ
9/25/2020 16:00,24.37,1.72,675.7,14.16860465,DQ
9/28/2020 16:00,25.98,1.72,675.7,15.10465116,DQ
9/29/2020 16:00,26.11,1.72,675.7,15.18023256,DQ
9/30/2020 16:00,27.05,1.72,675.7,15.72674419,DQ
10/1/2020 16:00,29.83,1.72,247.7,17.34302326,DQ
10/2/2020 16:00,29.76,1.72,247.7,17.30232558,DQ
10/5/2020 16:00,33.6,1.72,247.7,19.53488372,DQ
10/6/2020 16:00,34.4,1.72,247.7,20,DQ
10/7/2020 16:00,37.76,1.72,247.7,21.95348837,DQ
10/8/2020 16:00,37.31,1.72,247.7,21.69186047,DQ
10/9/2020 16:00,39.31,1.72,247.7,22.85465116,DQ
10/12/2020 16:00,39.23,1.72,247.7,22.80813953,DQ
10/13/2020 16:00,42.44,1.72,247.7,24.6744186,DQ
10/14/2020 16:00,43.75,1.72,247.7,25.43604651,DQ
10/15/2020 16:00,40.34,1.72,247.7,23.45348837,DQ
10/16/2020 16:00,40,1.72,247.7,23.25581395,DQ
10/19/2020 16:00,42.23,1.72,247.7,24.55232558,DQ
10/20/2020 16:00,48.4,1.72,247.7,28.13953488,DQ
10/21/2020 16:00,39.82,1.72,247.7,23.15116279,DQ
10/22/2020 16:00,39.6,1.72,247.7,23.02325581,DQ
10/23/2020 16:00,39.62,1.72,247.7,23.03488372,DQ
10/26/2020 16:00,35.76,1.72,247.7,20.79069767,DQ
10/27/2020 16:00,34.78,1.72,247.7,20.22093023,DQ
10/28/2020 16:00,35.88,1.72,247.7,20.86046512,DQ
10/29/2020 16:00,37.54,1.72,247.7,21.8255814,DQ
10/30/2020 16:00,36.52,1.72,247.7,21.23255814,DQ
11/2/2020 16:00,39.82,1.72,247.7,23.15116279,DQ
11/3/2020 16:00,40.03,1.72,247.7,23.27325581,DQ
11/4/2020 16:00,37.34,1.72,247.7,21.70930233,DQ
11/5/2020 16:00,44.28,1.72,247.7,25.74418605,DQ
11/6/2020 16:00,44.56,1.72,247.7,25.90697674,DQ
11/9/2020 16:00,41.9,1.72,247.7,24.36046512,DQ
11/10/2020 16:00,40,1.72,247.7,23.25581395,DQ
11/11/2020 16:00,44.37,1.72,247.7,25.79651163,DQ
11/12/2020 16:00,42.63,1.72,247.7,24.78488372,DQ
11/13/2020 16:00,43.48,1.72,247.7,25.27906977,DQ
11/16/2020 16:00,43.68,1.72,247.7,25.39534884,DQ
11/17/2020 16:00,43.58,1.72,247.7,25.3372093,DQ
11/18/2020 16:00,39.87,1.72,247.7,23.18023256,DQ
11/19/2020 16:00,40.08,1.72,247.7,23.30232558,DQ
11/20/2020 16:00,41.71,1.72,247.7,24.25,DQ
11/23/2020 16:00,40.84,1.72,247.7,23.74418605,DQ
11/24/2020 16:00,42.53,1.72,247.7,24.72674419,DQ
11/25/2020 16:00,43.09,1.72,247.7,25.05232558,DQ
11/27/2020 13:00,45.26,1.72,247.7,26.31395349,DQ
11/30/2020 16:00,43.02,1.72,247.7,25.01162791,DQ
12/1/2020 16:00,40.32,1.72,247.7,23.44186047,DQ
12/2/2020 16:00,40.14,1.72,247.7,23.3372093,DQ
12/3/2020 16:00,39.2,1.72,247.7,22.79069767,DQ
12/4/2020 16:00,39.72,1.72,247.7,23.09302326,DQ
12/7/2020 16:00,39.16,1.72,247.7,22.76744186,DQ
12/8/2020 16:00,41.71,1.72,247.7,24.25,DQ
12/9/2020 16:00,41.02,1.72,247.7,23.84883721,DQ
12/10/2020 16:00,42.49,1.72,247.7,24.70348837,DQ
12/11/2020 16:00,43.14,1.72,247.7,25.08139535,DQ
12/14/2020 16:00,48.31,1.72,247.7,28.0872093,DQ
12/15/2020 16:00,55.99,1.72,247.7,32.55232558,DQ
12/16/2020 16:00,57.28,1.72,247.7,33.30232558,DQ
12/17/2020 16:00,57.14,1.72,247.7,33.22093023,DQ
12/18/2020 16:00,58.26,1.72,247.7,33.87209302,DQ
12/21/2020 16:00,61.22,1.72,247.7,35.59302326,DQ
12/22/2020 16:00,64.79,1.72,247.7,37.66860465,DQ
12/23/2020 16:00,58.39,1.72,247.7,33.94767442,DQ
12/24/2020 13:00,54.77,1.72,247.7,31.84302326,DQ
12/28/2020 16:00,56.65,1.72,247.7,32.93604651,DQ
12/29/2020 16:00,55.79,1.72,247.7,32.43604651,DQ
12/30/2020 16:00,57.06,1.72,247.7,33.1744186,DQ
12/31/2020 16:00,57.36,1.72,247.7,33.34883721,DQ
1/4/2021 16:00,62.33,9.85,256.1,6.327918782,DQ
1/5/2021 16:00,68.8,9.85,256.1,6.984771574,DQ
1/6/2021 16:00,73.5,9.85,256.1,7.461928934,DQ
1/7/2021 16:00,79.78,9.85,256.1,8.099492386,DQ
1/8/2021 16:00,77.11,9.85,256.1,7.828426396,DQ
1/11/2021 16:00,76.53,9.85,256.1,7.769543147,DQ
1/12/2021 16:00,85.3,9.85,256.1,8.659898477,DQ
1/13/2021 16:00,77.41,9.85,256.1,7.858883249,DQ
1/14/2021 16:00,75.67,9.85,256.1,7.682233503,DQ
1/15/2021 16:00,72,9.85,256.1,7.30964467,DQ
1/19/2021 16:00,82.83,9.85,256.1,8.409137056,DQ
1/20/2021 16:00,83.56,9.85,256.1,8.483248731,DQ
1/21/2021 16:00,94.47,9.85,256.1,9.590862944,DQ
1/22/2021 16:00,96.77,9.85,256.1,9.824365482,DQ
1/25/2021 16:00,96.14,9.85,256.1,9.760406091,DQ
1/26/2021 16:00,101.89,9.85,256.1,10.34416244,DQ
1/27/2021 16:00,103.88,9.85,256.1,10.54619289,DQ
1/28/2021 16:00,97.34,9.85,256.1,9.882233503,DQ
1/29/2021 16:00,88.06,9.85,256.1,8.940101523,DQ
2/1/2021 16:00,103.41,9.85,256.1,10.49847716,DQ
2/2/2021 16:00,115.85,9.85,256.1,11.76142132,DQ
2/3/2021 16:00,119.7,9.85,256.1,12.15228426,DQ
2/4/2021 16:00,108.67,9.85,256.1,11.03248731,DQ
2/5/2021 16:00,109.19,9.85,256.1,11.08527919,DQ
2/8/2021 16:00,114.09,9.85,256.1,11.58274112,DQ
2/9/2021 16:00,124.13,9.85,256.1,12.60203046,DQ
2/10/2021 16:00,119.53,9.85,256.1,12.13502538,DQ
2/11/2021 16:00,118.91,9.85,256.1,12.07208122,DQ
2/12/2021 16:00,123.83,9.85,256.1,12.5715736,DQ
2/16/2021 16:00,120.22,9.85,256.1,12.20507614,DQ
2/17/2021 16:00,112.51,9.85,256.1,11.42233503,DQ
2/18/2021 16:00,107.27,9.85,256.1,10.89035533,DQ
2/19/2021 16:00,104.8,9.85,256.1,10.63959391,DQ
2/22/2021 16:00,95.25,9.85,256.1,9.670050761,DQ
2/23/2021 16:00,92.75,9.85,256.1,9.416243655,DQ
2/24/2021 16:00,105.4,9.85,256.1,10.70050761,DQ
2/25/2021 16:00,97.9,9.85,256.1,9.939086294,DQ
2/26/2021 16:00,104.25,9.85,256.1,10.58375635,DQ
3/1/2021 16:00,117.46,9.85,256.1,11.9248731,DQ
3/2/2021 16:00,109.9,9.85,256.1,11.15736041,DQ
3/3/2021 16:00,94.51,9.85,256.1,9.594923858,DQ
3/4/2021 16:00,86.14,9.85,256.1,8.745177665,DQ
3/5/2021 16:00,79.98,9.85,256.1,8.119796954,DQ
3/8/2021 16:00,72.04,9.85,256.1,7.313705584,DQ
3/9/2021 16:00,87.98,9.85,256.1,8.931979695,DQ
3/10/2021 16:00,78.38,9.85,256.1,7.957360406,DQ
3/11/2021 16:00,91.21,9.85,256.1,9.259898477,DQ
3/12/2021 16:00,94.22,9.85,256.1,9.565482234,DQ
3/15/2021 16:00,88.07,9.85,256.1,8.941116751,DQ
3/16/2021 16:00,85.73,9.85,256.1,8.703553299,DQ
3/17/2021 16:00,87.99,9.85,256.1,8.932994924,DQ
3/18/2021 16:00,81.21,9.85,256.1,8.244670051,DQ
3/19/2021 16:00,79.23,9.85,256.1,8.043654822,DQ
3/22/2021 16:00,80.47,9.85,256.1,8.169543147,DQ
3/23/2021 16:00,74.44,9.85,256.1,7.557360406,DQ
3/24/2021 16:00,66.09,9.85,256.1,6.70964467,DQ
3/25/2021 16:00,68.02,9.85,256.1,6.905583756,DQ
3/26/2021 16:00,70.34,9.85,256.1,7.141116751,DQ
3/29/2021 16:00,62.16,9.85,256.1,6.310659898,DQ
3/30/2021 16:00,70.58,9.85,256.1,7.165482234,DQ
3/31/2021 16:00,75.5,9.85,256.1,7.664974619,DQ
4/1/2021 16:00,75.19,9.85,441.4,7.633502538,DQ
4/5/2021 16:00,70.12,9.85,441.4,7.118781726,DQ
4/6/2021 16:00,71.25,9.85,441.4,7.233502538,DQ
4/7/2021 16:00,68.08,9.85,441.4,6.911675127,DQ
4/8/2021 16:00,66.22,9.85,441.4,6.72284264,DQ
4/9/2021 16:00,69.29,9.85,441.4,7.034517766,DQ
4/12/2021 16:00,67.22,9.85,441.4,6.824365482,DQ
4/13/2021 16:00,67.92,9.85,441.4,6.895431472,DQ
4/14/2021 16:00,66.3,9.85,441.4,6.730964467,DQ
4/15/2021 16:00,67.65,9.85,441.4,6.868020305,DQ
4/16/2021 16:00,70.26,9.85,441.4,7.132994924,DQ
4/19/2021 16:00,66.94,9.85,441.4,6.795939086,DQ
4/20/2021 16:00,69.04,9.85,441.4,7.009137056,DQ
4/21/2021 16:00,74.89,9.85,441.4,7.603045685,DQ
4/22/2021 16:00,85.6,9.85,441.4,8.69035533,DQ
4/23/2021 16:00,89.51,9.85,441.4,9.087309645,DQ
4/26/2021 16:00,91.99,9.85,441.4,9.339086294,DQ
4/27/2021 16:00,85.62,9.85,441.4,8.692385787,DQ
4/28/2021 16:00,85.72,9.85,441.4,8.702538071,DQ
4/29/2021 16:00,83.58,9.85,441.4,8.485279188,DQ
4/30/2021 16:00,80.49,9.85,441.4,8.171573604,DQ
5/3/2021 16:00,79.54,9.85,441.4,8.075126904,DQ
5/4/2021 16:00,74.51,9.85,441.4,7.564467005,DQ
5/5/2021 16:00,77.2,9.85,441.4,7.837563452,DQ
5/6/2021 16:00,73.59,9.85,441.4,7.47106599,DQ
5/7/2021 16:00,74.7,9.85,441.4,7.583756345,DQ
5/10/2021 16:00,72.15,9.85,441.4,7.324873096,DQ
5/11/2021 16:00,75.46,9.85,441.4,7.660913706,DQ
5/12/2021 16:00,72.37,9.85,441.4,7.347208122,DQ
5/13/2021 16:00,65.11,9.85,441.4,6.610152284,DQ
5/14/2021 16:00,71.73,9.85,441.4,7.282233503,DQ
5/17/2021 16:00,71.24,9.85,441.4,7.23248731,DQ
5/18/2021 16:00,71.23,9.85,441.4,7.231472081,DQ
5/19/2021 16:00,76.77,9.85,441.4,7.793908629,DQ
5/20/2021 16:00,78.41,9.85,441.4,7.960406091,DQ
5/21/2021 16:00,77.96,9.85,441.4,7.914720812,DQ
5/24/2021 16:00,72.59,9.85,441.4,7.369543147,DQ
5/25/2021 16:00,71.98,9.85,441.4,7.307614213,DQ
5/26/2021 16:00,78.63,9.85,441.4,7.982741117,DQ
5/27/2021 16:00,77.94,9.85,441.4,7.912690355,DQ
5/28/2021 16:00,74.38,9.85,441.4,7.551269036,DQ
6/1/2021 16:00,78.95,9.85,441.4,8.015228426,DQ
6/2/2021 16:00,76.4,9.85,441.4,7.756345178,DQ
6/3/2021 16:00,76.93,9.85,441.4,7.810152284,DQ
6/4/2021 16:00,80.84,9.85,441.4,8.207106599,DQ
6/7/2021 16:00,74.49,9.85,441.4,7.562436548,DQ
6/8/2021 16:00,70.77,9.85,441.4,7.184771574,DQ
6/9/2021 16:00,68.75,9.85,441.4,6.979695431,DQ
6/10/2021 16:00,67.45,9.85,441.4,6.847715736,DQ
6/11/2021 16:00,68.69,9.85,441.4,6.973604061,DQ
6/14/2021 16:00,68.66,9.85,441.4,6.970558376,DQ
6/15/2021 16:00,65.04,9.85,441.4,6.603045685,DQ
6/16/2021 16:00,64.16,9.85,441.4,6.513705584,DQ
6/17/2021 16:00,61.41,9.85,441.4,6.234517766,DQ
6/18/2021 16:00,60.5,9.85,441.4,6.14213198,DQ
6/21/2021 16:00,58.7,9.85,441.4,5.959390863,DQ
6/22/2021 16:00,56.5,9.85,441.4,5.736040609,DQ
6/23/2021 16:00,58.08,9.85,441.4,5.896446701,DQ
6/24/2021 16:00,56.48,9.85,441.4,5.734010152,DQ
6/25/2021 16:00,58.66,9.85,441.4,5.955329949,DQ
6/28/2021 16:00,66.17,9.85,441.4,6.717766497,DQ
6/29/2021 16:00,66.78,9.85,441.4,6.779695431,DQ
6/30/2021 16:00,65.02,9.85,441.4,6.601015228,DQ
7/1/2021 16:00,66.04,9.85,585.8,6.704568528,DQ
7/2/2021 16:00,62.55,9.85,585.8,6.350253807,DQ
7/6/2021 16:00,66.83,9.85,585.8,6.784771574,DQ
7/7/2021 16:00,71.25,9.85,585.8,7.233502538,DQ
7/8/2021 16:00,68.99,9.85,585.8,7.004060914,DQ
7/9/2021 16:00,67.8,9.85,585.8,6.883248731,DQ
7/12/2021 16:00,68.27,9.85,585.8,6.930964467,DQ
7/13/2021 16:00,72.35,9.85,585.8,7.345177665,DQ
7/14/2021 16:00,68.94,9.85,585.8,6.998984772,DQ
7/15/2021 16:00,68.83,9.85,585.8,6.987817259,DQ
7/16/2021 16:00,66.43,9.85,585.8,6.744162437,DQ
7/19/2021 16:00,64.34,9.85,585.8,6.531979695,DQ
7/20/2021 16:00,66.08,9.85,585.8,6.708629442,DQ
7/21/2021 16:00,79.38,9.85,585.8,8.058883249,DQ
7/22/2021 16:00,67.67,9.85,585.8,6.870050761,DQ
7/23/2021 16:00,59.07,9.85,585.8,5.996954315,DQ
7/26/2021 16:00,56.48,9.85,585.8,5.734010152,DQ
7/27/2021 16:00,53.75,9.85,585.8,5.456852792,DQ
7/28/2021 16:00,60.36,9.85,585.8,6.127918782,DQ
7/29/2021 16:00,59.39,9.85,585.8,6.029441624,DQ
7/30/2021 16:00,59.25,9.85,585.8,6.015228426,DQ
8/2/2021 16:00,61.03,9.85,585.8,6.195939086,DQ
8/3/2021 16:00,60.84,9.85,585.8,6.176649746,DQ
8/4/2021 16:00,59.77,9.85,585.8,6.068020305,DQ
8/5/2021 16:00,58.56,9.85,585.8,5.945177665,DQ
8/6/2021 16:00,58.15,9.85,585.8,5.903553299,DQ
8/9/2021 16:00,60.63,9.85,585.8,6.155329949,DQ
8/10/2021 16:00,60.84,9.85,585.8,6.176649746,DQ
8/11/2021 16:00,57.46,9.85,585.8,5.833502538,DQ
8/12/2021 16:00,56.61,9.85,585.8,5.747208122,DQ
8/13/2021 16:00,51.5,9.85,585.8,5.228426396,DQ
8/16/2021 16:00,49.83,9.85,585.8,5.058883249,DQ
8/17/2021 16:00,48.72,9.85,585.8,4.946192893,DQ
8/18/2021 16:00,47.95,9.85,585.8,4.868020305,DQ
8/19/2021 16:00,45.92,9.85,585.8,4.661928934,DQ
8/20/2021 16:00,47.08,9.85,585.8,4.779695431,DQ
8/23/2021 16:00,49,9.85,585.8,4.974619289,DQ
8/24/2021 16:00,50.37,9.85,585.8,5.113705584,DQ
8/25/2021 16:00,54.01,9.85,585.8,5.483248731,DQ
8/26/2021 16:00,52.02,9.85,585.8,5.281218274,DQ
8/27/2021 16:00,54.47,9.85,585.8,5.529949239,DQ
8/30/2021 16:00,64,9.85,585.8,6.497461929,DQ
8/31/2021 16:00,61.31,9.85,585.8,6.224365482,DQ
9/1/2021 16:00,60.96,9.85,585.8,6.188832487,DQ
9/2/2021 16:00,64.44,9.85,585.8,6.54213198,DQ
9/3/2021 16:00,61.75,9.85,585.8,6.269035533,DQ
9/7/2021 16:00,63.95,9.85,585.8,6.492385787,DQ
9/8/2021 16:00,60.71,9.85,585.8,6.163451777,DQ
9/9/2021 16:00,63.13,9.85,585.8,6.409137056,DQ
9/10/2021 16:00,61.35,9.85,585.8,6.228426396,DQ
9/13/2021 16:00,62.22,9.85,585.8,6.316751269,DQ
9/14/2021 16:00,61,9.85,585.8,6.192893401,DQ
9/15/2021 16:00,62.16,9.85,585.8,6.310659898,DQ
9/16/2021 16:00,60.43,9.85,585.8,6.135025381,DQ
9/17/2021 16:00,61.93,9.85,585.8,6.287309645,DQ
9/20/2021 16:00,56.75,9.85,585.8,5.76142132,DQ
9/21/2021 16:00,58.64,9.85,585.8,5.953299492,DQ
9/22/2021 16:00,61.07,9.85,585.8,6.2,DQ
9/23/2021 16:00,57.01,9.85,585.8,5.787817259,DQ
9/24/2021 16:00,53.82,9.85,585.8,5.463959391,DQ
9/27/2021 16:00,54.21,9.85,585.8,5.503553299,DQ
9/28/2021 16:00,51.79,9.85,585.8,5.25786802,DQ
9/29/2021 16:00,52.35,9.85,585.8,5.314720812,DQ
9/30/2021 16:00,57,9.85,585.8,5.78680203,DQ
10/1/2021 16:00,57.91,9.85,395.5,5.879187817,DQ
10/4/2021 16:00,54.79,9.85,395.5,5.562436548,DQ
10/5/2021 16:00,57.3,9.85,395.5,5.817258883,DQ
10/6/2021 16:00,56.44,9.85,395.5,5.729949239,DQ
10/7/2021 16:00,56.86,9.85,395.5,5.772588832,DQ
10/8/2021 16:00,56,9.85,395.5,5.685279188,DQ
10/11/2021 16:00,61.41,9.85,395.5,6.234517766,DQ
10/12/2021 16:00,65.66,9.85,395.5,6.665989848,DQ
10/13/2021 16:00,66.97,9.85,395.5,6.798984772,DQ
10/14/2021 16:00,63.5,9.85,395.5,6.446700508,DQ
10/15/2021 16:00,63.97,9.85,395.5,6.494416244,DQ
10/18/2021 16:00,68.09,9.85,395.5,6.912690355,DQ
10/19/2021 16:00,71.9,9.85,395.5,7.299492386,DQ
10/20/2021 16:00,72.76,9.85,395.5,7.38680203,DQ
10/21/2021 16:00,72.41,9.85,395.5,7.351269036,DQ
10/22/2021 16:00,71.37,9.85,395.5,7.245685279,DQ
10/25/2021 16:00,74.43,9.85,395.5,7.556345178,DQ
10/26/2021 16:00,70.88,9.85,395.5,7.195939086,DQ
10/27/2021 16:00,76.22,9.85,395.5,7.738071066,DQ
10/28/2021 16:00,76.51,9.85,395.5,7.76751269,DQ
10/29/2021 16:00,77.79,9.85,395.5,7.897461929,DQ
11/1/2021 16:00,75,9.85,395.5,7.614213198,DQ
11/2/2021 16:00,68.09,9.85,395.5,6.912690355,DQ
11/3/2021 16:00,69.54,9.85,395.5,7.059898477,DQ
11/4/2021 16:00,69.31,9.85,395.5,7.036548223,DQ
11/5/2021 16:00,65.92,9.85,395.5,6.692385787,DQ
11/8/2021 16:00,67.14,9.85,395.5,6.816243655,DQ
11/9/2021 16:00,66.74,9.85,395.5,6.775634518,DQ
11/10/2021 16:00,65.45,9.85,395.5,6.644670051,DQ
11/11/2021 16:00,70.77,9.85,395.5,7.184771574,DQ
11/12/2021 16:00,72.52,9.85,395.5,7.362436548,DQ
11/15/2021 16:00,71.13,9.85,395.5,7.221319797,DQ
11/16/2021 16:00,69.21,9.85,395.5,7.026395939,DQ
11/17/2021 16:00,68.15,9.85,395.5,6.918781726,DQ
11/18/2021 16:00,68.69,9.85,395.5,6.973604061,DQ
11/19/2021 16:00,66.33,9.85,395.5,6.734010152,DQ
11/22/2021 16:00,63.36,9.85,395.5,6.43248731,DQ
11/23/2021 16:00,61.97,9.85,395.5,6.291370558,DQ
11/24/2021 16:00,60.3,9.85,395.5,6.121827411,DQ
11/26/2021 13:00,58.52,9.85,395.5,5.941116751,DQ
11/29/2021 16:00,58.01,9.85,395.5,5.889340102,DQ
11/30/2021 16:00,57.34,9.85,395.5,5.821319797,DQ
12/1/2021 16:00,54.35,9.85,395.5,5.517766497,DQ
12/2/2021 16:00,48.21,9.85,395.5,4.894416244,DQ
12/3/2021 16:00,43.32,9.85,395.5,4.397969543,DQ
12/6/2021 16:00,44.06,9.85,395.5,4.473096447,DQ
12/7/2021 16:00,47.3,9.85,395.5,4.802030457,DQ
12/8/2021 16:00,46.49,9.85,395.5,4.719796954,DQ
12/9/2021 16:00,44.07,9.85,395.5,4.474111675,DQ
12/10/2021 16:00,43.49,9.85,395.5,4.415228426,DQ
12/13/2021 16:00,43.83,9.85,395.5,4.449746193,DQ
12/14/2021 16:00,41.93,9.85,395.5,4.256852792,DQ
12/15/2021 16:00,41.83,9.85,395.5,4.246700508,DQ
12/16/2021 16:00,40.79,9.85,395.5,4.141116751,DQ
12/17/2021 16:00,40.7,9.85,395.5,4.131979695,DQ
12/20/2021 16:00,38.05,9.85,395.5,3.862944162,DQ
12/21/2021 16:00,40.9,9.85,395.5,4.152284264,DQ
12/22/2021 16:00,39.92,9.85,395.5,4.052791878,DQ
12/23/2021 16:00,38.93,9.85,395.5,3.952284264,DQ
12/27/2021 16:00,37.59,9.85,395.5,3.816243655,DQ
12/28/2021 16:00,37.81,9.85,395.5,3.83857868,DQ
12/29/2021 16:00,37.87,9.85,395.5,3.844670051,DQ
12/30/2021 16:00,40.94,9.85,395.5,4.156345178,DQ
12/31/2021 16:00,40.32,9.85,395.5,4.093401015,DQ
1/3/2022 16:00,41.97,22.7,1280.3,1.848898678,DQ
1/4/2022 16:00,42.01,22.7,1280.3,1.850660793,DQ
1/5/2022 16:00,39.99,22.7,1280.3,1.761674009,DQ
1/6/2022 16:00,39.87,22.7,1280.3,1.756387665,DQ
1/7/2022 16:00,40.09,22.7,1280.3,1.766079295,DQ
1/10/2022 16:00,39.58,22.7,1280.3,1.743612335,DQ
1/11/2022 16:00,39.6,22.7,1280.3,1.744493392,DQ
1/12/2022 16:00,41.74,22.7,1280.3,1.83876652,DQ
1/13/2022 16:00,41.22,22.7,1280.3,1.815859031,DQ
1/14/2022 16:00,42.37,22.7,1280.3,1.866519824,DQ
1/18/2022 16:00,41.13,22.7,1280.3,1.811894273,DQ
1/19/2022 16:00,42.75,22.7,1280.3,1.883259912,DQ
1/20/2022 16:00,43.37,22.7,1280.3,1.910572687,DQ
1/21/2022 16:00,40.53,22.7,1280.3,1.785462555,DQ
1/24/2022 16:00,38.89,22.7,1280.3,1.713215859,DQ
1/25/2022 16:00,37.25,22.7,1280.3,1.640969163,DQ
1/26/2022 16:00,37.82,22.7,1280.3,1.666079295,DQ
1/27/2022 16:00,36.07,22.7,1280.3,1.588986784,DQ
1/28/2022 16:00,35.87,22.7,1280.3,1.580176211,DQ
1/31/2022 16:00,40.12,22.7,1280.3,1.767400881,DQ
2/1/2022 16:00,39.63,22.7,1280.3,1.745814978,DQ
2/2/2022 16:00,37.71,22.7,1280.3,1.66123348,DQ
2/3/2022 16:00,35.72,22.7,1280.3,1.573568282,DQ
2/4/2022 16:00,37.78,22.7,1280.3,1.664317181,DQ
2/7/2022 16:00,37.17,22.7,1280.3,1.637444934,DQ
2/8/2022 16:00,38.92,22.7,1280.3,1.714537445,DQ
2/9/2022 16:00,42.4,22.7,1280.3,1.86784141,DQ
2/10/2022 16:00,40.58,22.7,1280.3,1.787665198,DQ
2/11/2022 16:00,38.79,22.7,1280.3,1.708810573,DQ
2/14/2022 16:00,38.2,22.7,1280.3,1.682819383,DQ
2/15/2022 16:00,41.34,22.7,1280.3,1.821145374,DQ
2/16/2022 16:00,40.84,22.7,1280.3,1.799118943,DQ
2/17/2022 16:00,40.2,22.7,1280.3,1.77092511,DQ
2/18/2022 16:00,39.53,22.7,1280.3,1.741409692,DQ
2/22/2022 16:00,38.03,22.7,1280.3,1.675330396,DQ
2/23/2022 16:00,39.09,22.7,1280.3,1.722026432,DQ
2/24/2022 16:00,41.68,22.7,1280.3,1.836123348,DQ
2/25/2022 16:00,42.92,22.7,1280.3,1.890748899,DQ
2/28/2022 16:00,47.96,22.7,1280.3,2.11277533,DQ
3/1/2022 16:00,52.22,22.7,1280.3,2.300440529,DQ
3/2/2022 16:00,50.93,22.7,1280.3,2.243612335,DQ
3/3/2022 16:00,49.77,22.7,1280.3,2.192511013,DQ
3/4/2022 16:00,47.63,22.7,1280.3,2.098237885,DQ
3/7/2022 16:00,47.21,22.7,1280.3,2.079735683,DQ
3/8/2022 16:00,51.31,22.7,1280.3,2.260352423,DQ
3/9/2022 16:00,52.39,22.7,1280.3,2.307929515,DQ
3/10/2022 16:00,47.74,22.7,1280.3,2.1030837,DQ
3/11/2022 16:00,41.7,22.7,1280.3,1.837004405,DQ
3/14/2022 16:00,35.93,22.7,1280.3,1.582819383,DQ
3/15/2022 16:00,36.8,22.7,1280.3,1.621145374,DQ
3/16/2022 16:00,43.11,22.7,1280.3,1.899118943,DQ
3/17/2022 16:00,41.55,22.7,1280.3,1.830396476,DQ
3/18/2022 16:00,44.93,22.7,1280.3,1.979295154,DQ
3/21/2022 16:00,44.25,22.7,1280.3,1.949339207,DQ
3/22/2022 16:00,46.7,22.7,1280.3,2.057268722,DQ
3/23/2022 16:00,45.68,22.7,1280.3,2.012334802,DQ
3/24/2022 16:00,46.04,22.7,1280.3,2.028193833,DQ
3/25/2022 16:00,44.19,22.7,1280.3,1.946696035,DQ
3/28/2022 16:00,44.89,22.7,1280.3,1.97753304,DQ
3/29/2022 16:00,46.35,22.7,1280.3,2.04185022,DQ
3/30/2022 16:00,43.06,22.7,1280.3,1.8969163,DQ
3/31/2022 16:00,41.32,22.7,1280.3,1.820264317,DQ
4/1/2022 16:00,43.19,22.7,1244.1,1.902643172,DQ
4/4/2022 16:00,46.3,22.7,1244.1,2.039647577,DQ
4/5/2022 16:00,45.15,22.7,1244.1,1.988986784,DQ
4/6/2022 16:00,43.9,22.7,1244.1,1.933920705,DQ
4/7/2022 16:00,43.95,22.7,1244.1,1.936123348,DQ
4/8/2022 16:00,42.42,22.7,1244.1,1.868722467,DQ
4/11/2022 16:00,43.01,22.7,1244.1,1.894713656,DQ
4/12/2022 16:00,40.34,22.7,1244.1,1.777092511,DQ
4/13/2022 16:00,44.71,22.7,1244.1,1.969603524,DQ
4/14/2022 16:00,44.18,22.7,1244.1,1.946255507,DQ
4/18/2022 16:00,44.28,22.7,1244.1,1.950660793,DQ
4/19/2022 16:00,46.74,22.7,1244.1,2.059030837,DQ
4/20/2022 16:00,44.41,22.7,1244.1,1.956387665,DQ
4/21/2022 16:00,40.53,22.7,1244.1,1.785462555,DQ
4/22/2022 16:00,41.28,22.7,1244.1,1.818502203,DQ
4/25/2022 16:00,40.77,22.7,1244.1,1.796035242,DQ
4/26/2022 16:00,39.57,22.7,1244.1,1.743171806,DQ
4/27/2022 16:00,39.86,22.7,1244.1,1.755947137,DQ
4/28/2022 16:00,41.22,22.7,1244.1,1.815859031,DQ
4/29/2022 16:00,41.57,22.7,1244.1,1.831277533,DQ
5/2/2022 16:00,40.35,22.7,1244.1,1.77753304,DQ
5/3/2022 16:00,42.57,22.7,1244.1,1.875330396,DQ
5/4/2022 16:00,46.85,22.7,1244.1,2.063876652,DQ
5/5/2022 16:00,44.21,22.7,1244.1,1.947577093,DQ
5/6/2022 16:00,42.01,22.7,1244.1,1.850660793,DQ
5/9/2022 16:00,38.04,22.7,1244.1,1.675770925,DQ
5/10/2022 16:00,39.71,22.7,1244.1,1.749339207,DQ
5/11/2022 16:00,37.58,22.7,1244.1,1.655506608,DQ
5/12/2022 16:00,38.79,22.7,1244.1,1.708810573,DQ
5/13/2022 16:00,41.16,22.7,1244.1,1.813215859,DQ
5/16/2022 16:00,40.35,22.7,1244.1,1.77753304,DQ
5/17/2022 16:00,44.07,22.7,1244.1,1.941409692,DQ
5/18/2022 16:00,45.03,22.7,1244.1,1.983700441,DQ
5/19/2022 16:00,45.95,22.7,1244.1,2.024229075,DQ
5/20/2022 16:00,47.46,22.7,1244.1,2.090748899,DQ
5/23/2022 16:00,46.45,22.7,1244.1,2.046255507,DQ
5/24/2022 16:00,44.11,22.7,1244.1,1.943171806,DQ
5/25/2022 16:00,46.56,22.7,1244.1,2.051101322,DQ
5/26/2022 16:00,48.61,22.7,1244.1,2.141409692,DQ
5/27/2022 16:00,47.56,22.7,1244.1,2.095154185,DQ
5/31/2022 16:00,48.9,22.7,1244.1,2.154185022,DQ
6/1/2022 16:00,49.98,22.7,1244.1,2.201762115,DQ
6/2/2022 16:00,54.15,22.7,1244.1,2.385462555,DQ
6/3/2022 16:00,55.08,22.7,1244.1,2.426431718,DQ
6/6/2022 16:00,61.73,22.7,1244.1,2.71938326,DQ
6/7/2022 16:00,64.01,22.7,1244.1,2.819823789,DQ
6/8/2022 16:00,63.64,22.7,1244.1,2.803524229,DQ
6/9/2022 16:00,60.99,22.7,1244.1,2.686784141,DQ
6/10/2022 16:00,62.22,22.7,1244.1,2.740969163,DQ
6/13/2022 16:00,58.43,22.7,1244.1,2.574008811,DQ
6/14/2022 16:00,56.57,22.7,1244.1,2.492070485,DQ
6/15/2022 16:00,57.08,22.7,1244.1,2.514537445,DQ
6/16/2022 16:00,53.97,22.7,1244.1,2.37753304,DQ
6/17/2022 16:00,58.44,22.7,1244.1,2.574449339,DQ
6/21/2022 16:00,67,22.7,1244.1,2.95154185,DQ
6/22/2022 16:00,67.45,22.7,1244.1,2.971365639,DQ
6/23/2022 16:00,66.27,22.7,1244.1,2.91938326,DQ
6/24/2022 16:00,67.21,22.7,1244.1,2.960792952,DQ
6/27/2022 16:00,72.11,22.7,1244.1,3.176651982,DQ
6/28/2022 16:00,67.53,22.7,1244.1,2.974889868,DQ
6/29/2022 16:00,67.17,22.7,1244.1,2.959030837,DQ
6/30/2022 16:00,71.38,22.7,1244.1,3.144493392,DQ
7/1/2022 16:00,70.69,22.7,1172,3.114096916,DQ
7/5/2022 16:00,70.96,22.7,1172,3.125991189,DQ
7/6/2022 16:00,67,22.7,1172,2.95154185,DQ
7/7/2022 16:00,77,22.7,1172,3.392070485,DQ
7/8/2022 16:00,73.83,22.7,1172,3.252422907,DQ
7/11/2022 16:00,68.84,22.7,1172,3.032599119,DQ
7/12/2022 16:00,65.6,22.7,1172,2.889867841,DQ
7/13/2022 16:00,69.5,22.7,1172,3.061674009,DQ
7/14/2022 16:00,70.15,22.7,1172,3.09030837,DQ
7/15/2022 16:00,66.84,22.7,1172,2.944493392,DQ
7/18/2022 16:00,67.1,22.7,1172,2.955947137,DQ
7/19/2022 16:00,67.46,22.7,1172,2.971806167,DQ
7/20/2022 16:00,66.13,22.7,1172,2.913215859,DQ
7/21/2022 16:00,64.42,22.7,1172,2.837885463,DQ
7/22/2022 16:00,59.72,22.7,1172,2.630837004,DQ
7/25/2022 16:00,60.37,22.7,1172,2.659471366,DQ
7/26/2022 16:00,60.34,22.7,1172,2.65814978,DQ
7/27/2022 16:00,64.43,22.7,1172,2.838325991,DQ
7/28/2022 16:00,64.25,22.7,1172,2.830396476,DQ
7/29/2022 16:00,64.7,22.7,1172,2.850220264,DQ
