date,close,eps,pe,revenue,symbol
1/2/2018 16:00,17.14,3.88,4.417525773,1420,CSIQ
1/3/2018 16:00,17.07,3.88,4.399484536,1420,CSIQ
1/4/2018 16:00,17.06,3.88,4.396907216,1420,CSIQ
1/5/2018 16:00,17.01,3.88,4.384020619,1420,CSIQ
1/8/2018 16:00,17.1,3.88,4.407216495,1420,CSIQ
1/9/2018 16:00,16.95,3.88,4.368556701,1420,CSIQ
1/10/2018 16:00,16.93,3.88,4.363402062,1420,CSIQ
1/11/2018 16:00,17.3,3.88,4.458762887,1420,CSIQ
1/12/2018 16:00,16.55,3.88,4.265463918,1420,CSIQ
1/16/2018 16:00,16.39,3.88,4.224226804,1420,CSIQ
1/17/2018 16:00,16.32,3.88,4.206185567,1420,CSIQ
1/18/2018 16:00,15.86,3.88,4.087628866,1420,CSIQ
1/19/2018 16:00,15.8,3.88,4.072164948,1420,CSIQ
1/22/2018 16:00,15.77,3.88,4.06443299,1420,CSIQ
1/23/2018 16:00,15.64,3.88,4.030927835,1420,CSIQ
1/24/2018 16:00,15.54,3.88,4.005154639,1420,CSIQ
1/25/2018 16:00,15.94,3.88,4.108247423,1420,CSIQ
1/26/2018 16:00,16.05,3.88,4.136597938,1420,CSIQ
1/29/2018 16:00,16.03,3.88,4.131443299,1420,CSIQ
1/30/2018 16:00,15.61,3.88,4.023195876,1420,CSIQ
1/31/2018 16:00,15.41,3.88,3.971649485,1420,CSIQ
2/1/2018 16:00,15.51,3.88,3.99742268,1420,CSIQ
2/2/2018 16:00,15.41,3.88,3.971649485,1420,CSIQ
2/5/2018 16:00,15.34,3.88,3.953608247,1420,CSIQ
2/6/2018 16:00,15.44,3.88,3.979381443,1420,CSIQ
2/7/2018 16:00,15.43,3.88,3.976804124,1420,CSIQ
2/8/2018 16:00,15.15,3.88,3.904639175,1420,CSIQ
2/9/2018 16:00,14.89,3.88,3.837628866,1420,CSIQ
2/12/2018 16:00,15.51,3.88,3.99742268,1420,CSIQ
2/13/2018 16:00,15.83,3.88,4.079896907,1420,CSIQ
2/14/2018 16:00,15.78,3.88,4.067010309,1420,CSIQ
2/15/2018 16:00,15.87,3.88,4.090206186,1420,CSIQ
2/16/2018 16:00,15.73,3.88,4.054123711,1420,CSIQ
2/20/2018 16:00,15.73,3.88,4.054123711,1420,CSIQ
2/21/2018 16:00,15.64,3.88,4.030927835,1420,CSIQ
2/22/2018 16:00,15.55,3.88,4.007731959,1420,CSIQ
2/23/2018 16:00,15.46,3.88,3.984536082,1420,CSIQ
2/26/2018 16:00,15.79,3.88,4.069587629,1420,CSIQ
2/27/2018 16:00,15.52,3.88,4,1420,CSIQ
2/28/2018 16:00,15.7,3.88,4.046391753,1420,CSIQ
3/1/2018 16:00,15.77,3.88,4.06443299,1420,CSIQ
3/2/2018 16:00,15.85,3.88,4.085051546,1420,CSIQ
3/5/2018 16:00,16.23,3.88,4.182989691,1420,CSIQ
3/6/2018 16:00,16.41,3.88,4.229381443,1420,CSIQ
3/7/2018 16:00,16.4,3.88,4.226804124,1420,CSIQ
3/8/2018 16:00,16.46,3.88,4.242268041,1420,CSIQ
3/9/2018 16:00,16.19,3.88,4.172680412,1420,CSIQ
3/12/2018 16:00,16.19,3.88,4.172680412,1420,CSIQ
3/13/2018 16:00,16.13,3.88,4.157216495,1420,CSIQ
3/14/2018 16:00,15.96,3.88,4.113402062,1420,CSIQ
3/15/2018 16:00,15.74,3.88,4.056701031,1420,CSIQ
3/16/2018 16:00,15.49,3.88,3.992268041,1420,CSIQ
3/19/2018 16:00,16.6,3.88,4.278350515,1420,CSIQ
3/20/2018 16:00,16.72,3.88,4.309278351,1420,CSIQ
3/21/2018 16:00,17.15,3.88,4.420103093,1420,CSIQ
3/22/2018 16:00,16.94,3.88,4.365979381,1420,CSIQ
3/23/2018 16:00,17.08,3.88,4.402061856,1420,CSIQ
3/26/2018 16:00,17.51,3.88,4.512886598,1420,CSIQ
3/27/2018 16:00,16.48,3.88,4.24742268,1420,CSIQ
3/28/2018 16:00,15.92,3.88,4.103092784,1420,CSIQ
3/29/2018 16:00,16.27,3.88,4.193298969,1420,CSIQ
4/2/2018 16:00,16.3,3.88,4.201030928,484.7,CSIQ
4/3/2018 16:00,15.85,3.88,4.085051546,484.7,CSIQ
4/4/2018 16:00,15.98,3.88,4.118556701,484.7,CSIQ
4/5/2018 16:00,16.31,3.88,4.203608247,484.7,CSIQ
4/6/2018 16:00,16.13,3.88,4.157216495,484.7,CSIQ
4/9/2018 16:00,16.02,3.88,4.128865979,484.7,CSIQ
4/10/2018 16:00,16.05,3.88,4.136597938,484.7,CSIQ
4/11/2018 16:00,16.13,3.88,4.157216495,484.7,CSIQ
4/12/2018 16:00,16.16,3.88,4.164948454,484.7,CSIQ
4/13/2018 16:00,16.2,3.88,4.175257732,484.7,CSIQ
4/16/2018 16:00,16.05,3.88,4.136597938,484.7,CSIQ
4/17/2018 16:00,16.14,3.88,4.159793814,484.7,CSIQ
4/18/2018 16:00,16.25,3.88,4.18814433,484.7,CSIQ
4/19/2018 16:00,16.05,3.88,4.136597938,484.7,CSIQ
4/20/2018 16:00,15.89,3.88,4.095360825,484.7,CSIQ
4/23/2018 16:00,15.53,3.88,4.00257732,484.7,CSIQ
4/24/2018 16:00,15.36,3.88,3.958762887,484.7,CSIQ
4/25/2018 16:00,15.13,3.88,3.899484536,484.7,CSIQ
4/26/2018 16:00,15.3,3.88,3.943298969,484.7,CSIQ
4/27/2018 16:00,15.9,3.88,4.097938144,484.7,CSIQ
4/30/2018 16:00,15.63,3.88,4.028350515,484.7,CSIQ
5/1/2018 16:00,15.39,3.88,3.966494845,484.7,CSIQ
5/2/2018 16:00,15.48,3.88,3.989690722,484.7,CSIQ
5/3/2018 16:00,15.14,3.88,3.902061856,484.7,CSIQ
5/4/2018 16:00,15.32,3.88,3.948453608,484.7,CSIQ
5/7/2018 16:00,15.75,3.88,4.059278351,484.7,CSIQ
5/8/2018 16:00,15.72,3.88,4.051546392,484.7,CSIQ
5/9/2018 16:00,16.26,3.88,4.190721649,484.7,CSIQ
5/10/2018 16:00,16.73,3.88,4.31185567,484.7,CSIQ
5/11/2018 16:00,16.65,3.88,4.291237113,484.7,CSIQ
5/14/2018 16:00,16.71,3.88,4.306701031,484.7,CSIQ
5/15/2018 16:00,16.79,3.88,4.327319588,484.7,CSIQ
5/16/2018 16:00,17.56,3.88,4.525773196,484.7,CSIQ
5/17/2018 16:00,17.45,3.88,4.49742268,484.7,CSIQ
5/18/2018 16:00,17.24,3.88,4.443298969,484.7,CSIQ
5/21/2018 16:00,17.73,3.88,4.569587629,484.7,CSIQ
5/22/2018 16:00,17.18,3.88,4.427835052,484.7,CSIQ
5/23/2018 16:00,16.92,3.88,4.360824742,484.7,CSIQ
5/24/2018 16:00,16.72,3.88,4.309278351,484.7,CSIQ
5/25/2018 16:00,16.68,3.88,4.298969072,484.7,CSIQ
5/29/2018 16:00,16.94,3.88,4.365979381,484.7,CSIQ
5/30/2018 16:00,16.89,3.88,4.353092784,484.7,CSIQ
5/31/2018 16:00,16.61,3.88,4.280927835,484.7,CSIQ
6/1/2018 16:00,15.69,3.88,4.043814433,484.7,CSIQ
6/4/2018 16:00,13.52,3.88,3.484536082,484.7,CSIQ
6/5/2018 16:00,13.09,3.88,3.37371134,484.7,CSIQ
6/6/2018 16:00,12.44,3.88,3.206185567,484.7,CSIQ
6/7/2018 16:00,12.24,3.88,3.154639175,484.7,CSIQ
6/8/2018 16:00,12.34,3.88,3.180412371,484.7,CSIQ
6/11/2018 16:00,12.2,3.88,3.144329897,484.7,CSIQ
6/12/2018 16:00,12.4,3.88,3.195876289,484.7,CSIQ
6/13/2018 16:00,12.37,3.88,3.18814433,484.7,CSIQ
6/14/2018 16:00,12.46,3.88,3.211340206,484.7,CSIQ
6/15/2018 16:00,11.95,3.88,3.079896907,484.7,CSIQ
6/18/2018 16:00,11.97,3.88,3.085051546,484.7,CSIQ
6/19/2018 16:00,11.87,3.88,3.059278351,484.7,CSIQ
6/20/2018 16:00,12.29,3.88,3.167525773,484.7,CSIQ
6/21/2018 16:00,12.41,3.88,3.198453608,484.7,CSIQ
6/22/2018 16:00,12.49,3.88,3.219072165,484.7,CSIQ
6/25/2018 16:00,12.39,3.88,3.193298969,484.7,CSIQ
6/26/2018 16:00,12.15,3.88,3.131443299,484.7,CSIQ
6/27/2018 16:00,11.92,3.88,3.072164948,484.7,CSIQ
6/28/2018 16:00,12.32,3.88,3.175257732,484.7,CSIQ
6/29/2018 16:00,12.24,3.88,3.154639175,484.7,CSIQ
7/2/2018 16:00,12.47,3.88,3.213917526,1000,CSIQ
7/3/2018 13:00,12.2,3.88,3.144329897,1000,CSIQ
7/5/2018 16:00,12.41,3.88,3.198453608,1000,CSIQ
7/6/2018 16:00,12.76,3.88,3.288659794,1000,CSIQ
7/9/2018 16:00,13.07,3.88,3.368556701,1000,CSIQ
7/10/2018 16:00,13.22,3.88,3.407216495,1000,CSIQ
7/11/2018 16:00,13.02,3.88,3.355670103,1000,CSIQ
7/12/2018 16:00,13.06,3.88,3.365979381,1000,CSIQ
7/13/2018 16:00,13.1,3.88,3.37628866,1000,CSIQ
7/16/2018 16:00,12.85,3.88,3.31185567,1000,CSIQ
7/17/2018 16:00,12.67,3.88,3.265463918,1000,CSIQ
7/18/2018 16:00,12.83,3.88,3.306701031,1000,CSIQ
7/19/2018 16:00,13.07,3.88,3.368556701,1000,CSIQ
7/20/2018 16:00,12.78,3.88,3.293814433,1000,CSIQ
7/23/2018 16:00,12.56,3.88,3.237113402,1000,CSIQ
7/24/2018 16:00,13.04,3.88,3.360824742,1000,CSIQ
7/25/2018 16:00,13.38,3.88,3.448453608,1000,CSIQ
7/26/2018 16:00,13.36,3.88,3.443298969,1000,CSIQ
7/27/2018 16:00,13.18,3.88,3.396907216,1000,CSIQ
7/30/2018 16:00,13.15,3.88,3.389175258,1000,CSIQ
7/31/2018 16:00,13.48,3.88,3.474226804,1000,CSIQ
8/1/2018 16:00,13.75,3.88,3.543814433,1000,CSIQ
8/2/2018 16:00,13.99,3.88,3.605670103,1000,CSIQ
8/3/2018 16:00,13.72,3.88,3.536082474,1000,CSIQ
8/6/2018 16:00,13.77,3.88,3.548969072,1000,CSIQ
8/7/2018 16:00,14.48,3.88,3.731958763,1000,CSIQ
8/8/2018 16:00,14.72,3.88,3.793814433,1000,CSIQ
8/9/2018 16:00,14.45,3.88,3.724226804,1000,CSIQ
8/10/2018 16:00,14.28,3.88,3.680412371,1000,CSIQ
8/13/2018 16:00,13.58,3.88,3.5,1000,CSIQ
8/14/2018 16:00,13.31,3.88,3.430412371,1000,CSIQ
8/15/2018 16:00,13.19,3.88,3.399484536,1000,CSIQ
8/16/2018 16:00,13.11,3.88,3.378865979,1000,CSIQ
8/17/2018 16:00,13.11,3.88,3.378865979,1000,CSIQ
8/20/2018 16:00,13.13,3.88,3.384020619,1000,CSIQ
8/21/2018 16:00,13.09,3.88,3.37371134,1000,CSIQ
8/22/2018 16:00,13.18,3.88,3.396907216,1000,CSIQ
8/23/2018 16:00,13.41,3.88,3.456185567,1000,CSIQ
8/24/2018 16:00,13.86,3.88,3.572164948,1000,CSIQ
8/27/2018 16:00,13.94,3.88,3.592783505,1000,CSIQ
8/28/2018 16:00,13.72,3.88,3.536082474,1000,CSIQ
8/29/2018 16:00,14.8,3.88,3.81443299,1000,CSIQ
8/30/2018 16:00,14.18,3.88,3.654639175,1000,CSIQ
8/31/2018 16:00,14.36,3.88,3.701030928,1000,CSIQ
9/4/2018 16:00,14.51,3.88,3.739690722,1000,CSIQ
9/5/2018 16:00,14.42,3.88,3.716494845,1000,CSIQ
9/6/2018 16:00,14.32,3.88,3.690721649,1000,CSIQ
9/7/2018 16:00,14.65,3.88,3.775773196,1000,CSIQ
9/10/2018 16:00,14.69,3.88,3.786082474,1000,CSIQ
9/11/2018 16:00,14.72,3.88,3.793814433,1000,CSIQ
9/12/2018 16:00,14.94,3.88,3.850515464,1000,CSIQ
9/13/2018 16:00,14.66,3.88,3.778350515,1000,CSIQ
9/14/2018 16:00,14.62,3.88,3.768041237,1000,CSIQ
9/17/2018 16:00,14.66,3.88,3.778350515,1000,CSIQ
9/18/2018 16:00,14.88,3.88,3.835051546,1000,CSIQ
9/19/2018 16:00,14.94,3.88,3.850515464,1000,CSIQ
9/20/2018 16:00,15.33,3.88,3.951030928,1000,CSIQ
9/21/2018 16:00,14.72,3.88,3.793814433,1000,CSIQ
9/24/2018 16:00,14.82,3.88,3.819587629,1000,CSIQ
9/25/2018 16:00,14.66,3.88,3.778350515,1000,CSIQ
9/26/2018 16:00,14.53,3.88,3.744845361,1000,CSIQ
9/27/2018 16:00,14.46,3.88,3.726804124,1000,CSIQ
9/28/2018 16:00,14.5,3.88,3.737113402,1000,CSIQ
10/1/2018 16:00,14.4,3.88,3.711340206,760,CSIQ
10/2/2018 16:00,14.45,3.88,3.724226804,760,CSIQ
10/3/2018 16:00,14.62,3.88,3.768041237,760,CSIQ
10/4/2018 16:00,14.52,3.88,3.742268041,760,CSIQ
10/5/2018 16:00,14.21,3.88,3.662371134,760,CSIQ
10/8/2018 16:00,14.25,3.88,3.672680412,760,CSIQ
10/9/2018 16:00,14.52,3.88,3.742268041,760,CSIQ
10/10/2018 16:00,14.2,3.88,3.659793814,760,CSIQ
10/11/2018 16:00,13.83,3.88,3.56443299,760,CSIQ
10/12/2018 16:00,14.27,3.88,3.677835052,760,CSIQ
10/15/2018 16:00,14.66,3.88,3.778350515,760,CSIQ
10/16/2018 16:00,15.16,3.88,3.907216495,760,CSIQ
10/17/2018 16:00,14.97,3.88,3.858247423,760,CSIQ
10/18/2018 16:00,15.02,3.88,3.871134021,760,CSIQ
10/19/2018 16:00,15.02,3.88,3.871134021,760,CSIQ
10/22/2018 16:00,13.94,3.88,3.592783505,760,CSIQ
10/23/2018 16:00,13.64,3.88,3.515463918,760,CSIQ
10/24/2018 16:00,13.1,3.88,3.37628866,760,CSIQ
10/25/2018 16:00,13.08,3.88,3.371134021,760,CSIQ
10/26/2018 16:00,13,3.88,3.350515464,760,CSIQ
10/29/2018 16:00,13.14,3.88,3.386597938,760,CSIQ
10/30/2018 16:00,13.96,3.88,3.597938144,760,CSIQ
10/31/2018 16:00,14.3,3.88,3.68556701,760,CSIQ
11/1/2018 16:00,14.53,3.88,3.744845361,760,CSIQ
11/2/2018 16:00,14.6,3.88,3.762886598,760,CSIQ
11/5/2018 16:00,14.16,3.88,3.649484536,760,CSIQ
11/6/2018 16:00,13.78,3.88,3.551546392,760,CSIQ
11/7/2018 16:00,14.61,3.88,3.765463918,760,CSIQ
11/8/2018 16:00,14.32,3.88,3.690721649,760,CSIQ
11/9/2018 16:00,14.27,3.88,3.677835052,760,CSIQ
11/12/2018 16:00,13.86,3.88,3.572164948,760,CSIQ
11/13/2018 16:00,13.4,3.88,3.453608247,760,CSIQ
11/14/2018 16:00,13.71,3.88,3.533505155,760,CSIQ
11/15/2018 16:00,15.23,3.88,3.925257732,760,CSIQ
11/16/2018 16:00,16,3.88,4.12371134,760,CSIQ
11/19/2018 16:00,16.32,3.88,4.206185567,760,CSIQ
11/20/2018 16:00,16.18,3.88,4.170103093,760,CSIQ
11/21/2018 16:00,16.5,3.88,4.25257732,760,CSIQ
11/23/2018 13:00,16.55,3.88,4.265463918,760,CSIQ
11/26/2018 16:00,16.69,3.88,4.301546392,760,CSIQ
11/27/2018 16:00,17.52,3.88,4.515463918,760,CSIQ
11/28/2018 16:00,17.75,3.88,4.574742268,760,CSIQ
11/29/2018 16:00,17.27,3.88,4.451030928,760,CSIQ
11/30/2018 16:00,16.9,3.88,4.355670103,760,CSIQ
12/3/2018 16:00,17.31,3.88,4.461340206,760,CSIQ
12/4/2018 16:00,16.49,3.88,4.25,760,CSIQ
12/6/2018 16:00,16.47,3.88,4.244845361,760,CSIQ
12/7/2018 16:00,16.27,3.88,4.193298969,760,CSIQ
12/10/2018 16:00,16.42,3.88,4.231958763,760,CSIQ
12/11/2018 16:00,16.08,3.88,4.144329897,760,CSIQ
12/12/2018 16:00,16.81,3.88,4.332474227,760,CSIQ
12/13/2018 16:00,16.85,3.88,4.342783505,760,CSIQ
12/14/2018 16:00,16.66,3.88,4.293814433,760,CSIQ
12/17/2018 16:00,16.01,3.88,4.12628866,760,CSIQ
12/18/2018 16:00,16.47,3.88,4.244845361,760,CSIQ
12/19/2018 16:00,16.1,3.88,4.149484536,760,CSIQ
12/20/2018 16:00,15.38,3.88,3.963917526,760,CSIQ
12/21/2018 16:00,14.32,3.88,3.690721649,760,CSIQ
12/24/2018 13:00,13.92,3.88,3.587628866,760,CSIQ
12/26/2018 16:00,14.43,3.88,3.719072165,760,CSIQ
12/27/2018 16:00,14.42,3.88,3.716494845,760,CSIQ
12/28/2018 16:00,14.46,3.88,3.726804124,760,CSIQ
12/31/2018 16:00,14.34,3.88,3.695876289,760,CSIQ
1/2/2019 16:00,14.44,2.83,5.102473498,484.7,CSIQ
1/3/2019 16:00,15.14,2.83,5.349823322,484.7,CSIQ
1/4/2019 16:00,16.37,2.83,5.784452297,484.7,CSIQ
1/7/2019 16:00,16.8,2.83,5.93639576,484.7,CSIQ
1/8/2019 16:00,17.13,2.83,6.053003534,484.7,CSIQ
1/9/2019 16:00,17.21,2.83,6.081272085,484.7,CSIQ
1/10/2019 16:00,17.62,2.83,6.22614841,484.7,CSIQ
1/11/2019 16:00,17.66,2.83,6.240282686,484.7,CSIQ
1/14/2019 16:00,17.7,2.83,6.254416961,484.7,CSIQ
1/15/2019 16:00,18.12,2.83,6.402826855,484.7,CSIQ
1/16/2019 16:00,18.17,2.83,6.4204947,484.7,CSIQ
1/17/2019 16:00,18.18,2.83,6.424028269,484.7,CSIQ
1/18/2019 16:00,18.03,2.83,6.371024735,484.7,CSIQ
1/22/2019 16:00,17.28,2.83,6.106007067,484.7,CSIQ
1/23/2019 16:00,17.34,2.83,6.127208481,484.7,CSIQ
1/24/2019 16:00,18.14,2.83,6.409893993,484.7,CSIQ
1/25/2019 16:00,19.51,2.83,6.893992933,484.7,CSIQ
1/28/2019 16:00,20.53,2.83,7.254416961,484.7,CSIQ
1/29/2019 16:00,20.58,2.83,7.272084806,484.7,CSIQ
1/30/2019 16:00,20.89,2.83,7.381625442,484.7,CSIQ
1/31/2019 16:00,21.57,2.83,7.621908127,484.7,CSIQ
2/1/2019 16:00,19.76,2.83,6.982332155,484.7,CSIQ
2/4/2019 16:00,19.97,2.83,7.056537102,484.7,CSIQ
2/5/2019 16:00,19.79,2.83,6.992932862,484.7,CSIQ
2/6/2019 16:00,20.95,2.83,7.402826855,484.7,CSIQ
2/7/2019 16:00,20.53,2.83,7.254416961,484.7,CSIQ
2/8/2019 16:00,20.57,2.83,7.268551237,484.7,CSIQ
2/11/2019 16:00,21.33,2.83,7.537102473,484.7,CSIQ
2/12/2019 16:00,21.33,2.83,7.537102473,484.7,CSIQ
2/13/2019 16:00,21.11,2.83,7.459363958,484.7,CSIQ
2/14/2019 16:00,21.14,2.83,7.469964664,484.7,CSIQ
2/15/2019 16:00,20.54,2.83,7.25795053,484.7,CSIQ
2/19/2019 16:00,22.3,2.83,7.879858657,484.7,CSIQ
2/20/2019 16:00,21.55,2.83,7.614840989,484.7,CSIQ
2/21/2019 16:00,22.18,2.83,7.83745583,484.7,CSIQ
2/22/2019 16:00,24.32,2.83,8.593639576,484.7,CSIQ
2/25/2019 16:00,23.6,2.83,8.339222615,484.7,CSIQ
2/26/2019 16:00,23.85,2.83,8.427561837,484.7,CSIQ
2/27/2019 16:00,24.19,2.83,8.54770318,484.7,CSIQ
2/28/2019 16:00,24.66,2.83,8.713780919,484.7,CSIQ
3/1/2019 16:00,24.99,2.83,8.830388693,484.7,CSIQ
3/4/2019 16:00,24.43,2.83,8.632508834,484.7,CSIQ
3/5/2019 16:00,24.21,2.83,8.554770318,484.7,CSIQ
3/6/2019 16:00,23.55,2.83,8.32155477,484.7,CSIQ
3/7/2019 16:00,23.3,2.83,8.233215548,484.7,CSIQ
3/8/2019 16:00,23.07,2.83,8.151943463,484.7,CSIQ
3/11/2019 16:00,23.56,2.83,8.325088339,484.7,CSIQ
3/12/2019 16:00,23.63,2.83,8.349823322,484.7,CSIQ
3/13/2019 16:00,23.66,2.83,8.360424028,484.7,CSIQ
3/14/2019 16:00,23.48,2.83,8.296819788,484.7,CSIQ
3/15/2019 16:00,23.29,2.83,8.229681979,484.7,CSIQ
3/18/2019 16:00,23.33,2.83,8.243816254,484.7,CSIQ
3/19/2019 16:00,23.48,2.83,8.296819788,484.7,CSIQ
3/20/2019 16:00,23.62,2.83,8.346289753,484.7,CSIQ
3/21/2019 16:00,19.28,2.83,6.812720848,484.7,CSIQ
3/22/2019 16:00,18.75,2.83,6.625441696,484.7,CSIQ
3/25/2019 16:00,18.52,2.83,6.544169611,484.7,CSIQ
3/26/2019 16:00,18.2,2.83,6.431095406,484.7,CSIQ
3/27/2019 16:00,18.3,2.83,6.466431095,484.7,CSIQ
3/28/2019 16:00,18.78,2.83,6.636042403,484.7,CSIQ
3/29/2019 16:00,18.63,2.83,6.583038869,484.7,CSIQ
4/1/2019 16:00,19.09,2.83,6.745583039,1036.3,CSIQ
4/2/2019 16:00,18.99,2.83,6.71024735,1036.3,CSIQ
4/3/2019 16:00,19.14,2.83,6.763250883,1036.3,CSIQ
4/4/2019 16:00,19.14,2.83,6.763250883,1036.3,CSIQ
4/5/2019 16:00,19.32,2.83,6.826855124,1036.3,CSIQ
4/8/2019 16:00,19.45,2.83,6.872791519,1036.3,CSIQ
4/9/2019 16:00,18.92,2.83,6.685512367,1036.3,CSIQ
4/10/2019 16:00,18.81,2.83,6.64664311,1036.3,CSIQ
4/11/2019 16:00,18.46,2.83,6.522968198,1036.3,CSIQ
4/12/2019 16:00,18.82,2.83,6.650176678,1036.3,CSIQ
4/15/2019 16:00,18.83,2.83,6.653710247,1036.3,CSIQ
4/16/2019 16:00,19.12,2.83,6.756183746,1036.3,CSIQ
4/17/2019 16:00,19.14,2.83,6.763250883,1036.3,CSIQ
4/18/2019 16:00,19.01,2.83,6.717314488,1036.3,CSIQ
4/22/2019 16:00,19.58,2.83,6.918727915,1036.3,CSIQ
4/23/2019 16:00,20.26,2.83,7.159010601,1036.3,CSIQ
4/24/2019 16:00,20.18,2.83,7.130742049,1036.3,CSIQ
4/25/2019 16:00,20.06,2.83,7.088339223,1036.3,CSIQ
4/26/2019 16:00,20.27,2.83,7.16254417,1036.3,CSIQ
4/29/2019 16:00,20.03,2.83,7.077738516,1036.3,CSIQ
4/30/2019 16:00,19.98,2.83,7.060070671,1036.3,CSIQ
5/1/2019 16:00,20.63,2.83,7.28975265,1036.3,CSIQ
5/2/2019 16:00,20.4,2.83,7.208480565,1036.3,CSIQ
5/3/2019 16:00,21.45,2.83,7.5795053,1036.3,CSIQ
5/6/2019 16:00,20.03,2.83,7.077738516,1036.3,CSIQ
5/7/2019 16:00,20.14,2.83,7.116607774,1036.3,CSIQ
5/8/2019 16:00,19.66,2.83,6.946996466,1036.3,CSIQ
5/9/2019 16:00,18.87,2.83,6.667844523,1036.3,CSIQ
5/10/2019 16:00,19.12,2.83,6.756183746,1036.3,CSIQ
5/13/2019 16:00,17.83,2.83,6.300353357,1036.3,CSIQ
5/14/2019 16:00,17.88,2.83,6.318021201,1036.3,CSIQ
5/15/2019 16:00,18.12,2.83,6.402826855,1036.3,CSIQ
5/16/2019 16:00,18.43,2.83,6.512367491,1036.3,CSIQ
5/17/2019 16:00,17.51,2.83,6.187279152,1036.3,CSIQ
5/20/2019 16:00,17.44,2.83,6.16254417,1036.3,CSIQ
5/21/2019 16:00,17.94,2.83,6.339222615,1036.3,CSIQ
5/22/2019 16:00,17.93,2.83,6.335689046,1036.3,CSIQ
5/23/2019 16:00,17.38,2.83,6.141342756,1036.3,CSIQ
5/24/2019 16:00,17.62,2.83,6.22614841,1036.3,CSIQ
5/28/2019 16:00,17.77,2.83,6.279151943,1036.3,CSIQ
5/29/2019 16:00,17.69,2.83,6.250883392,1036.3,CSIQ
5/30/2019 16:00,19.41,2.83,6.858657244,1036.3,CSIQ
5/31/2019 16:00,19.09,2.83,6.745583039,1036.3,CSIQ
6/3/2019 16:00,19.86,2.83,7.017667845,1036.3,CSIQ
6/4/2019 16:00,20.61,2.83,7.282685512,1036.3,CSIQ
6/5/2019 16:00,20.86,2.83,7.371024735,1036.3,CSIQ
6/6/2019 16:00,21.21,2.83,7.494699647,1036.3,CSIQ
6/7/2019 16:00,21.32,2.83,7.533568905,1036.3,CSIQ
6/10/2019 16:00,21.31,2.83,7.530035336,1036.3,CSIQ
6/11/2019 16:00,21.13,2.83,7.466431095,1036.3,CSIQ
6/12/2019 16:00,21.21,2.83,7.494699647,1036.3,CSIQ
6/13/2019 16:00,21.74,2.83,7.681978799,1036.3,CSIQ
6/14/2019 16:00,21.61,2.83,7.636042403,1036.3,CSIQ
6/17/2019 16:00,21.29,2.83,7.522968198,1036.3,CSIQ
6/18/2019 16:00,21.93,2.83,7.749116608,1036.3,CSIQ
6/19/2019 16:00,22.36,2.83,7.901060071,1036.3,CSIQ
6/20/2019 16:00,21.99,2.83,7.770318021,1036.3,CSIQ
6/21/2019 16:00,22.07,2.83,7.798586572,1036.3,CSIQ
6/24/2019 16:00,22.18,2.83,7.83745583,1036.3,CSIQ
6/25/2019 16:00,21.27,2.83,7.51590106,1036.3,CSIQ
6/26/2019 16:00,21.31,2.83,7.530035336,1036.3,CSIQ
6/27/2019 16:00,22,2.83,7.77385159,1036.3,CSIQ
6/28/2019 16:00,21.83,2.83,7.713780919,1036.3,CSIQ
7/1/2019 16:00,22.27,2.83,7.869257951,759.9,CSIQ
7/2/2019 16:00,22.34,2.83,7.893992933,759.9,CSIQ
7/3/2019 13:00,22.12,2.83,7.816254417,759.9,CSIQ
7/5/2019 16:00,22.32,2.83,7.886925795,759.9,CSIQ
7/8/2019 16:00,21.89,2.83,7.734982332,759.9,CSIQ
7/9/2019 16:00,21.65,2.83,7.650176678,759.9,CSIQ
7/10/2019 16:00,21.21,2.83,7.494699647,759.9,CSIQ
7/11/2019 16:00,20.4,2.83,7.208480565,759.9,CSIQ
7/12/2019 16:00,20.81,2.83,7.35335689,759.9,CSIQ
7/15/2019 16:00,20.62,2.83,7.286219081,759.9,CSIQ
7/16/2019 16:00,20.62,2.83,7.286219081,759.9,CSIQ
7/17/2019 16:00,20.6,2.83,7.279151943,759.9,CSIQ
7/18/2019 16:00,20.73,2.83,7.325088339,759.9,CSIQ
7/19/2019 16:00,20.94,2.83,7.399293286,759.9,CSIQ
7/22/2019 16:00,20.87,2.83,7.374558304,759.9,CSIQ
7/23/2019 16:00,20.6,2.83,7.279151943,759.9,CSIQ
7/24/2019 16:00,20.61,2.83,7.282685512,759.9,CSIQ
7/25/2019 16:00,20.19,2.83,7.134275618,759.9,CSIQ
7/26/2019 16:00,20.41,2.83,7.212014134,759.9,CSIQ
7/29/2019 16:00,20.72,2.83,7.32155477,759.9,CSIQ
7/30/2019 16:00,21.18,2.83,7.48409894,759.9,CSIQ
7/31/2019 16:00,21.32,2.83,7.533568905,759.9,CSIQ
8/1/2019 16:00,22.23,2.83,7.855123675,759.9,CSIQ
8/2/2019 16:00,21.8,2.83,7.703180212,759.9,CSIQ
8/5/2019 16:00,20.52,2.83,7.250883392,759.9,CSIQ
8/6/2019 16:00,20.92,2.83,7.392226148,759.9,CSIQ
8/7/2019 16:00,21.74,2.83,7.681978799,759.9,CSIQ
8/8/2019 16:00,22.26,2.83,7.865724382,759.9,CSIQ
8/9/2019 16:00,21.86,2.83,7.724381625,759.9,CSIQ
8/12/2019 16:00,21.28,2.83,7.519434629,759.9,CSIQ
8/13/2019 16:00,21.86,2.83,7.724381625,759.9,CSIQ
8/14/2019 16:00,20.6,2.83,7.279151943,759.9,CSIQ
8/15/2019 16:00,23.08,2.83,8.155477032,759.9,CSIQ
8/16/2019 16:00,23.39,2.83,8.265017668,759.9,CSIQ
8/19/2019 16:00,24.36,2.83,8.607773852,759.9,CSIQ
8/20/2019 16:00,24.03,2.83,8.491166078,759.9,CSIQ
8/21/2019 16:00,24.5,2.83,8.657243816,759.9,CSIQ
8/22/2019 16:00,23.77,2.83,8.399293286,759.9,CSIQ
8/23/2019 16:00,22.74,2.83,8.035335689,759.9,CSIQ
8/26/2019 16:00,23.09,2.83,8.159010601,759.9,CSIQ
8/27/2019 16:00,22.56,2.83,7.971731449,759.9,CSIQ
8/28/2019 16:00,23.14,2.83,8.176678445,759.9,CSIQ
8/29/2019 16:00,23.29,2.83,8.229681979,759.9,CSIQ
8/30/2019 16:00,23.39,2.83,8.265017668,759.9,CSIQ
9/3/2019 16:00,23.17,2.83,8.187279152,759.9,CSIQ
9/4/2019 16:00,23.27,2.83,8.222614841,759.9,CSIQ
9/5/2019 16:00,23.06,2.83,8.148409894,759.9,CSIQ
9/6/2019 16:00,22.72,2.83,8.028268551,759.9,CSIQ
9/9/2019 16:00,21.41,2.83,7.565371025,759.9,CSIQ
9/10/2019 16:00,21.2,2.83,7.491166078,759.9,CSIQ
9/11/2019 16:00,21.2,2.83,7.491166078,759.9,CSIQ
9/12/2019 16:00,21.16,2.83,7.477031802,759.9,CSIQ
9/13/2019 16:00,21.31,2.83,7.530035336,759.9,CSIQ
9/16/2019 16:00,21.46,2.83,7.583038869,759.9,CSIQ
9/17/2019 16:00,21.91,2.83,7.74204947,759.9,CSIQ
9/18/2019 16:00,21.69,2.83,7.664310954,759.9,CSIQ
9/19/2019 16:00,22.07,2.83,7.798586572,759.9,CSIQ
9/20/2019 16:00,22.16,2.83,7.830388693,759.9,CSIQ
9/23/2019 16:00,22.67,2.83,8.010600707,759.9,CSIQ
9/24/2019 16:00,21.26,2.83,7.512367491,759.9,CSIQ
9/25/2019 16:00,21.4,2.83,7.561837456,759.9,CSIQ
9/26/2019 16:00,19.98,2.83,7.060070671,759.9,CSIQ
9/27/2019 16:00,19.43,2.83,6.865724382,759.9,CSIQ
9/30/2019 16:00,18.88,2.83,6.671378092,759.9,CSIQ
10/1/2019 16:00,18.25,2.83,6.448763251,919.7,CSIQ
10/2/2019 16:00,17.71,2.83,6.25795053,919.7,CSIQ
10/3/2019 16:00,18.56,2.83,6.558303887,919.7,CSIQ
10/4/2019 16:00,18.68,2.83,6.600706714,919.7,CSIQ
10/7/2019 16:00,18.14,2.83,6.409893993,919.7,CSIQ
10/8/2019 16:00,18.03,2.83,6.371024735,919.7,CSIQ
10/9/2019 16:00,18.02,2.83,6.367491166,919.7,CSIQ
10/10/2019 16:00,18.23,2.83,6.441696113,919.7,CSIQ
10/11/2019 16:00,18.71,2.83,6.61130742,919.7,CSIQ
10/14/2019 16:00,18.79,2.83,6.639575972,919.7,CSIQ
10/15/2019 16:00,18.68,2.83,6.600706714,919.7,CSIQ
10/16/2019 16:00,18.18,2.83,6.424028269,919.7,CSIQ
10/17/2019 16:00,18.26,2.83,6.45229682,919.7,CSIQ
10/18/2019 16:00,18.11,2.83,6.399293286,919.7,CSIQ
10/21/2019 16:00,18.53,2.83,6.54770318,919.7,CSIQ
10/22/2019 16:00,17.91,2.83,6.328621908,919.7,CSIQ
10/23/2019 16:00,17.84,2.83,6.303886926,919.7,CSIQ
10/24/2019 16:00,18.25,2.83,6.448763251,919.7,CSIQ
10/25/2019 16:00,17.86,2.83,6.310954064,919.7,CSIQ
10/28/2019 16:00,17.68,2.83,6.247349823,919.7,CSIQ
10/29/2019 16:00,17.7,2.83,6.254416961,919.7,CSIQ
10/30/2019 16:00,17.25,2.83,6.09540636,919.7,CSIQ
10/31/2019 16:00,17.07,2.83,6.03180212,919.7,CSIQ
11/1/2019 16:00,17.48,2.83,6.176678445,919.7,CSIQ
11/4/2019 16:00,17.16,2.83,6.06360424,919.7,CSIQ
11/5/2019 16:00,17.35,2.83,6.130742049,919.7,CSIQ
11/6/2019 16:00,16.97,2.83,5.996466431,919.7,CSIQ
11/7/2019 16:00,17.12,2.83,6.049469965,919.7,CSIQ
11/8/2019 16:00,16.9,2.83,5.971731449,919.7,CSIQ
11/11/2019 16:00,16.86,2.83,5.957597173,919.7,CSIQ
11/12/2019 16:00,17.51,2.83,6.187279152,919.7,CSIQ
11/13/2019 16:00,14.66,2.83,5.180212014,919.7,CSIQ
11/14/2019 16:00,15.07,2.83,5.325088339,919.7,CSIQ
11/15/2019 16:00,14.95,2.83,5.282685512,919.7,CSIQ
11/18/2019 16:00,14.97,2.83,5.28975265,919.7,CSIQ
11/19/2019 16:00,15.1,2.83,5.335689046,919.7,CSIQ
11/20/2019 16:00,15.04,2.83,5.314487633,919.7,CSIQ
11/21/2019 16:00,14.78,2.83,5.222614841,919.7,CSIQ
11/22/2019 16:00,14.92,2.83,5.272084806,919.7,CSIQ
11/25/2019 16:00,15.63,2.83,5.522968198,919.7,CSIQ
11/26/2019 16:00,15.54,2.83,5.491166078,919.7,CSIQ
11/27/2019 16:00,16.19,2.83,5.720848057,919.7,CSIQ
11/29/2019 13:00,16.35,2.83,5.777385159,919.7,CSIQ
12/2/2019 16:00,16.41,2.83,5.798586572,919.7,CSIQ
12/3/2019 16:00,16.74,2.83,5.915194346,919.7,CSIQ
12/4/2019 16:00,17.42,2.83,6.155477032,919.7,CSIQ
12/5/2019 16:00,17.94,2.83,6.339222615,919.7,CSIQ
12/6/2019 16:00,18.35,2.83,6.48409894,919.7,CSIQ
12/9/2019 16:00,19.05,2.83,6.731448763,919.7,CSIQ
12/10/2019 16:00,19.31,2.83,6.823321555,919.7,CSIQ
12/11/2019 16:00,19.81,2.83,7,919.7,CSIQ
12/12/2019 16:00,20.25,2.83,7.155477032,919.7,CSIQ
12/13/2019 16:00,20.31,2.83,7.176678445,919.7,CSIQ
12/16/2019 16:00,20.7,2.83,7.314487633,919.7,CSIQ
12/17/2019 16:00,21.33,2.83,7.537102473,919.7,CSIQ
12/18/2019 16:00,20.6,2.83,7.279151943,919.7,CSIQ
12/19/2019 16:00,20.6,2.83,7.279151943,919.7,CSIQ
12/20/2019 16:00,21.15,2.83,7.473498233,919.7,CSIQ
12/23/2019 16:00,21.81,2.83,7.706713781,919.7,CSIQ
12/24/2019 13:00,22.15,2.83,7.826855124,919.7,CSIQ
12/26/2019 16:00,22.32,2.83,7.886925795,919.7,CSIQ
12/27/2019 16:00,21.79,2.83,7.699646643,919.7,CSIQ
12/30/2019 16:00,21.86,2.83,7.724381625,919.7,CSIQ
12/31/2019 16:00,22.1,2.83,7.809187279,919.7,CSIQ
1/2/2020 16:00,22.52,2.38,9.462184874,825.6,CSIQ
1/3/2020 16:00,21.8,2.38,9.159663866,825.6,CSIQ
1/6/2020 16:00,22.32,2.38,9.378151261,825.6,CSIQ
1/7/2020 16:00,22.36,2.38,9.394957983,825.6,CSIQ
1/8/2020 16:00,22.57,2.38,9.483193277,825.6,CSIQ
1/9/2020 16:00,22.89,2.38,9.617647059,825.6,CSIQ
1/10/2020 16:00,22.55,2.38,9.474789916,825.6,CSIQ
1/13/2020 16:00,23.06,2.38,9.68907563,825.6,CSIQ
1/14/2020 16:00,23.45,2.38,9.852941176,825.6,CSIQ
1/15/2020 16:00,23.28,2.38,9.781512605,825.6,CSIQ
1/16/2020 16:00,23.02,2.38,9.672268908,825.6,CSIQ
1/17/2020 16:00,22.41,2.38,9.415966387,825.6,CSIQ
1/21/2020 16:00,22.01,2.38,9.24789916,825.6,CSIQ
1/22/2020 16:00,21.77,2.38,9.147058824,825.6,CSIQ
1/23/2020 16:00,21.39,2.38,8.987394958,825.6,CSIQ
1/24/2020 16:00,21.08,2.38,8.857142857,825.6,CSIQ
1/27/2020 16:00,20.21,2.38,8.491596639,825.6,CSIQ
1/28/2020 16:00,20.72,2.38,8.705882353,825.6,CSIQ
1/29/2020 16:00,20.5,2.38,8.613445378,825.6,CSIQ
1/30/2020 16:00,20.5,2.38,8.613445378,825.6,CSIQ
1/31/2020 16:00,20.05,2.38,8.424369748,825.6,CSIQ
2/3/2020 16:00,20.62,2.38,8.663865546,825.6,CSIQ
2/4/2020 16:00,21.3,2.38,8.949579832,825.6,CSIQ
2/5/2020 16:00,21.66,2.38,9.100840336,825.6,CSIQ
2/6/2020 16:00,21.85,2.38,9.180672269,825.6,CSIQ
2/7/2020 16:00,21.22,2.38,8.915966387,825.6,CSIQ
2/10/2020 16:00,21.37,2.38,8.978991597,825.6,CSIQ
2/11/2020 16:00,22.84,2.38,9.596638655,825.6,CSIQ
2/12/2020 16:00,24.13,2.38,10.13865546,825.6,CSIQ
2/13/2020 16:00,23.92,2.38,10.05042017,825.6,CSIQ
2/14/2020 16:00,23.32,2.38,9.798319328,825.6,CSIQ
2/18/2020 16:00,23.51,2.38,9.878151261,825.6,CSIQ
2/19/2020 16:00,24.64,2.38,10.35294118,825.6,CSIQ
2/20/2020 16:00,24.47,2.38,10.28151261,825.6,CSIQ
2/21/2020 16:00,23.01,2.38,9.668067227,825.6,CSIQ
2/24/2020 16:00,21.8,2.38,9.159663866,825.6,CSIQ
2/25/2020 16:00,21.85,2.38,9.180672269,825.6,CSIQ
2/26/2020 16:00,21.67,2.38,9.105042017,825.6,CSIQ
2/27/2020 16:00,20.63,2.38,8.668067227,825.6,CSIQ
2/28/2020 16:00,20.4,2.38,8.571428571,825.6,CSIQ
3/2/2020 16:00,20.61,2.38,8.659663866,825.6,CSIQ
3/3/2020 16:00,20.91,2.38,8.785714286,825.6,CSIQ
3/4/2020 16:00,21.47,2.38,9.021008403,825.6,CSIQ
3/5/2020 16:00,21.5,2.38,9.033613445,825.6,CSIQ
3/6/2020 16:00,20.31,2.38,8.533613445,825.6,CSIQ
3/9/2020 16:00,17.35,2.38,7.289915966,825.6,CSIQ
3/10/2020 16:00,18.21,2.38,7.651260504,825.6,CSIQ
3/11/2020 16:00,17.89,2.38,7.516806723,825.6,CSIQ
3/12/2020 16:00,16.28,2.38,6.840336134,825.6,CSIQ
3/13/2020 16:00,16.8,2.38,7.058823529,825.6,CSIQ
3/16/2020 16:00,13.24,2.38,5.56302521,825.6,CSIQ
3/17/2020 16:00,14.8,2.38,6.218487395,825.6,CSIQ
3/18/2020 16:00,13.47,2.38,5.659663866,825.6,CSIQ
3/19/2020 16:00,14.06,2.38,5.907563025,825.6,CSIQ
3/20/2020 16:00,14.71,2.38,6.180672269,825.6,CSIQ
3/23/2020 16:00,14.43,2.38,6.06302521,825.6,CSIQ
3/24/2020 16:00,15.4,2.38,6.470588235,825.6,CSIQ
3/25/2020 16:00,15.45,2.38,6.491596639,825.6,CSIQ
3/26/2020 16:00,17.42,2.38,7.319327731,825.6,CSIQ
3/27/2020 16:00,15.28,2.38,6.420168067,825.6,CSIQ
3/30/2020 16:00,15.64,2.38,6.571428571,825.6,CSIQ
3/31/2020 16:00,15.91,2.38,6.68487395,825.6,CSIQ
4/1/2020 16:00,14.74,2.38,6.193277311,1521.5,CSIQ
4/2/2020 16:00,15.29,2.38,6.424369748,1521.5,CSIQ
4/3/2020 16:00,14.9,2.38,6.260504202,1521.5,CSIQ
4/6/2020 16:00,16.37,2.38,6.878151261,1521.5,CSIQ
4/7/2020 16:00,16.18,2.38,6.798319328,1521.5,CSIQ
4/8/2020 16:00,16.89,2.38,7.096638655,1521.5,CSIQ
4/9/2020 16:00,16.88,2.38,7.092436975,1521.5,CSIQ
4/13/2020 16:00,17.08,2.38,7.176470588,1521.5,CSIQ
4/14/2020 16:00,17.75,2.38,7.457983193,1521.5,CSIQ
4/15/2020 16:00,17.19,2.38,7.222689076,1521.5,CSIQ
4/16/2020 16:00,16.78,2.38,7.050420168,1521.5,CSIQ
4/17/2020 16:00,17.3,2.38,7.268907563,1521.5,CSIQ
4/20/2020 16:00,16.78,2.38,7.050420168,1521.5,CSIQ
4/21/2020 16:00,15.87,2.38,6.668067227,1521.5,CSIQ
4/22/2020 16:00,16.43,2.38,6.903361345,1521.5,CSIQ
4/23/2020 16:00,16.97,2.38,7.130252101,1521.5,CSIQ
4/24/2020 16:00,16.86,2.38,7.084033613,1521.5,CSIQ
4/27/2020 16:00,17.24,2.38,7.243697479,1521.5,CSIQ
4/28/2020 16:00,17.23,2.38,7.239495798,1521.5,CSIQ
4/29/2020 16:00,18.58,2.38,7.806722689,1521.5,CSIQ
4/30/2020 16:00,17.84,2.38,7.495798319,1521.5,CSIQ
5/1/2020 16:00,17.14,2.38,7.201680672,1521.5,CSIQ
5/4/2020 16:00,17.58,2.38,7.386554622,1521.5,CSIQ
5/5/2020 16:00,17.54,2.38,7.369747899,1521.5,CSIQ
5/6/2020 16:00,18.1,2.38,7.605042017,1521.5,CSIQ
5/7/2020 16:00,18.09,2.38,7.600840336,1521.5,CSIQ
5/8/2020 16:00,18.54,2.38,7.789915966,1521.5,CSIQ
5/11/2020 16:00,18.26,2.38,7.672268908,1521.5,CSIQ
5/12/2020 16:00,17.71,2.38,7.441176471,1521.5,CSIQ
5/13/2020 16:00,17.2,2.38,7.226890756,1521.5,CSIQ
5/14/2020 16:00,16.81,2.38,7.06302521,1521.5,CSIQ
5/15/2020 16:00,17.05,2.38,7.163865546,1521.5,CSIQ
5/18/2020 16:00,17.98,2.38,7.554621849,1521.5,CSIQ
5/19/2020 16:00,19.27,2.38,8.096638655,1521.5,CSIQ
5/20/2020 16:00,18.92,2.38,7.949579832,1521.5,CSIQ
5/21/2020 16:00,18.71,2.38,7.861344538,1521.5,CSIQ
5/22/2020 16:00,18.2,2.38,7.647058824,1521.5,CSIQ
5/26/2020 16:00,19.05,2.38,8.004201681,1521.5,CSIQ
5/27/2020 16:00,19.28,2.38,8.100840336,1521.5,CSIQ
5/28/2020 16:00,18.14,2.38,7.621848739,1521.5,CSIQ
5/29/2020 16:00,18.8,2.38,7.899159664,1521.5,CSIQ
6/1/2020 16:00,18.71,2.38,7.861344538,1521.5,CSIQ
6/2/2020 16:00,18.4,2.38,7.731092437,1521.5,CSIQ
6/3/2020 16:00,19.09,2.38,8.021008403,1521.5,CSIQ
6/4/2020 16:00,19.23,2.38,8.079831933,1521.5,CSIQ
6/5/2020 16:00,19.23,2.38,8.079831933,1521.5,CSIQ
6/8/2020 16:00,20.2,2.38,8.487394958,1521.5,CSIQ
6/9/2020 16:00,19.1,2.38,8.025210084,1521.5,CSIQ
6/10/2020 16:00,18.44,2.38,7.74789916,1521.5,CSIQ
6/11/2020 16:00,16.95,2.38,7.121848739,1521.5,CSIQ
6/12/2020 16:00,17.74,2.38,7.453781513,1521.5,CSIQ
6/15/2020 16:00,17.84,2.38,7.495798319,1521.5,CSIQ
6/16/2020 16:00,18.07,2.38,7.592436975,1521.5,CSIQ
6/17/2020 16:00,17.41,2.38,7.31512605,1521.5,CSIQ
6/18/2020 16:00,17.76,2.38,7.462184874,1521.5,CSIQ
6/19/2020 16:00,18.05,2.38,7.584033613,1521.5,CSIQ
6/22/2020 16:00,17.76,2.38,7.462184874,1521.5,CSIQ
6/23/2020 16:00,18.43,2.38,7.743697479,1521.5,CSIQ
6/24/2020 16:00,18.66,2.38,7.840336134,1521.5,CSIQ
6/25/2020 16:00,19.14,2.38,8.042016807,1521.5,CSIQ
6/26/2020 16:00,18.47,2.38,7.760504202,1521.5,CSIQ
6/29/2020 16:00,19.03,2.38,7.995798319,1521.5,CSIQ
6/30/2020 16:00,19.27,2.38,8.096638655,1521.5,CSIQ
7/1/2020 16:00,19.33,2.38,8.121848739,914.4,CSIQ
7/2/2020 16:00,20.04,2.38,8.420168067,914.4,CSIQ
7/6/2020 16:00,22.1,2.38,9.285714286,914.4,CSIQ
7/7/2020 16:00,22.29,2.38,9.365546218,914.4,CSIQ
7/8/2020 16:00,23.67,2.38,9.945378151,914.4,CSIQ
7/9/2020 16:00,23.89,2.38,10.03781513,914.4,CSIQ
7/10/2020 16:00,23.4,2.38,9.831932773,914.4,CSIQ
7/13/2020 16:00,23.15,2.38,9.726890756,914.4,CSIQ
7/14/2020 16:00,23.69,2.38,9.953781513,914.4,CSIQ
7/15/2020 16:00,23.73,2.38,9.970588235,914.4,CSIQ
7/16/2020 16:00,22.8,2.38,9.579831933,914.4,CSIQ
7/17/2020 16:00,23.43,2.38,9.844537815,914.4,CSIQ
7/20/2020 16:00,24.88,2.38,10.45378151,914.4,CSIQ
7/21/2020 16:00,23.23,2.38,9.760504202,914.4,CSIQ
7/22/2020 16:00,23,2.38,9.663865546,914.4,CSIQ
7/23/2020 16:00,22.96,2.38,9.647058824,914.4,CSIQ
7/24/2020 16:00,22.76,2.38,9.56302521,914.4,CSIQ
7/27/2020 16:00,24.63,2.38,10.3487395,914.4,CSIQ
7/28/2020 16:00,23.01,2.38,9.668067227,914.4,CSIQ
7/29/2020 16:00,22.77,2.38,9.567226891,914.4,CSIQ
7/30/2020 16:00,22.55,2.38,9.474789916,914.4,CSIQ
7/31/2020 16:00,22.14,2.38,9.302521008,914.4,CSIQ
8/3/2020 16:00,22.42,2.38,9.420168067,914.4,CSIQ
8/4/2020 16:00,23.98,2.38,10.07563025,914.4,CSIQ
8/5/2020 16:00,23.77,2.38,9.987394958,914.4,CSIQ
8/6/2020 16:00,23.62,2.38,9.924369748,914.4,CSIQ
8/7/2020 16:00,25.32,2.38,10.63865546,914.4,CSIQ
8/10/2020 16:00,24.46,2.38,10.27731092,914.4,CSIQ
8/11/2020 16:00,24.04,2.38,10.10084034,914.4,CSIQ
8/12/2020 16:00,25.03,2.38,10.51680672,914.4,CSIQ
8/13/2020 16:00,26.38,2.38,11.08403361,914.4,CSIQ
8/14/2020 16:00,25.89,2.38,10.87815126,914.4,CSIQ
8/17/2020 16:00,25.94,2.38,10.89915966,914.4,CSIQ
8/18/2020 16:00,26.7,2.38,11.21848739,914.4,CSIQ
8/19/2020 16:00,26.59,2.38,11.17226891,914.4,CSIQ
8/20/2020 16:00,25.69,2.38,10.79411765,914.4,CSIQ
8/21/2020 16:00,25.96,2.38,10.90756303,914.4,CSIQ
8/24/2020 16:00,27.06,2.38,11.3697479,914.4,CSIQ
8/25/2020 16:00,27.72,2.38,11.64705882,914.4,CSIQ
8/26/2020 16:00,28.05,2.38,11.78571429,914.4,CSIQ
8/27/2020 16:00,28.64,2.38,12.03361345,914.4,CSIQ
8/28/2020 16:00,32.52,2.38,13.66386555,914.4,CSIQ
8/31/2020 16:00,32.49,2.38,13.6512605,914.4,CSIQ
9/1/2020 16:00,33.75,2.38,14.18067227,914.4,CSIQ
9/2/2020 16:00,33.49,2.38,14.07142857,914.4,CSIQ
9/3/2020 16:00,30.83,2.38,12.95378151,914.4,CSIQ
9/4/2020 16:00,30.3,2.38,12.73109244,914.4,CSIQ
9/8/2020 16:00,29.86,2.38,12.54621849,914.4,CSIQ
9/9/2020 16:00,30.97,2.38,13.01260504,914.4,CSIQ
9/10/2020 16:00,27.68,2.38,11.6302521,914.4,CSIQ
9/11/2020 16:00,28.42,2.38,11.94117647,914.4,CSIQ
9/14/2020 16:00,30.14,2.38,12.66386555,914.4,CSIQ
9/15/2020 16:00,31.27,2.38,13.13865546,914.4,CSIQ
9/16/2020 16:00,30.48,2.38,12.80672269,914.4,CSIQ
9/17/2020 16:00,29.52,2.38,12.40336134,914.4,CSIQ
9/18/2020 16:00,29.28,2.38,12.30252101,914.4,CSIQ
9/21/2020 16:00,29.43,2.38,12.36554622,914.4,CSIQ
9/22/2020 16:00,29.65,2.38,12.45798319,914.4,CSIQ
9/23/2020 16:00,30.28,2.38,12.72268908,914.4,CSIQ
9/24/2020 16:00,29.9,2.38,12.56302521,914.4,CSIQ
9/25/2020 16:00,32.18,2.38,13.5210084,914.4,CSIQ
9/28/2020 16:00,34.02,2.38,14.29411765,914.4,CSIQ
9/29/2020 16:00,34.04,2.38,14.30252101,914.4,CSIQ
9/30/2020 16:00,35.1,2.38,14.74789916,914.4,CSIQ
10/1/2020 16:00,36.35,2.38,15.27310924,784.6,CSIQ
10/2/2020 16:00,35.9,2.38,15.08403361,784.6,CSIQ
10/5/2020 16:00,38.25,2.38,16.07142857,784.6,CSIQ
10/6/2020 16:00,38.92,2.38,16.35294118,784.6,CSIQ
10/7/2020 16:00,40.78,2.38,17.13445378,784.6,CSIQ
10/8/2020 16:00,39.48,2.38,16.58823529,784.6,CSIQ
10/9/2020 16:00,41.62,2.38,17.48739496,784.6,CSIQ
10/12/2020 16:00,37.85,2.38,15.90336134,784.6,CSIQ
10/13/2020 16:00,39.24,2.38,16.48739496,784.6,CSIQ
10/14/2020 16:00,39.7,2.38,16.68067227,784.6,CSIQ
10/15/2020 16:00,38.91,2.38,16.3487395,784.6,CSIQ
10/16/2020 16:00,37.97,2.38,15.95378151,784.6,CSIQ
10/19/2020 16:00,39.46,2.38,16.57983193,784.6,CSIQ
10/20/2020 16:00,44.12,2.38,18.53781513,784.6,CSIQ
10/21/2020 16:00,39.51,2.38,16.60084034,784.6,CSIQ
10/22/2020 16:00,39.9,2.38,16.76470588,784.6,CSIQ
10/23/2020 16:00,40.37,2.38,16.96218487,784.6,CSIQ
10/26/2020 16:00,38.74,2.38,16.27731092,784.6,CSIQ
10/27/2020 16:00,38.01,2.38,15.97058824,784.6,CSIQ
10/28/2020 16:00,37.99,2.38,15.96218487,784.6,CSIQ
10/29/2020 16:00,37.68,2.38,15.83193277,784.6,CSIQ
10/30/2020 16:00,36.35,2.38,15.27310924,784.6,CSIQ
11/2/2020 16:00,36.96,2.38,15.52941176,784.6,CSIQ
11/3/2020 16:00,36.73,2.38,15.43277311,784.6,CSIQ
11/4/2020 16:00,35.7,2.38,15,784.6,CSIQ
11/5/2020 16:00,39.97,2.38,16.79411765,784.6,CSIQ
11/6/2020 16:00,39.85,2.38,16.74369748,784.6,CSIQ
11/9/2020 16:00,39.32,2.38,16.5210084,784.6,CSIQ
11/10/2020 16:00,38.93,2.38,16.35714286,784.6,CSIQ
11/11/2020 16:00,40.51,2.38,17.0210084,784.6,CSIQ
11/12/2020 16:00,39.42,2.38,16.56302521,784.6,CSIQ
11/13/2020 16:00,38.83,2.38,16.31512605,784.6,CSIQ
11/16/2020 16:00,38.73,2.38,16.27310924,784.6,CSIQ
11/17/2020 16:00,39.69,2.38,16.67647059,784.6,CSIQ
11/18/2020 16:00,38.72,2.38,16.26890756,784.6,CSIQ
11/19/2020 16:00,37.16,2.38,15.61344538,784.6,CSIQ
11/20/2020 16:00,38.43,2.38,16.14705882,784.6,CSIQ
11/23/2020 16:00,39.83,2.38,16.73529412,784.6,CSIQ
11/24/2020 16:00,40.62,2.38,17.06722689,784.6,CSIQ
11/25/2020 16:00,42.9,2.38,18.02521008,784.6,CSIQ
11/27/2020 13:00,44.17,2.38,18.55882353,784.6,CSIQ
11/30/2020 16:00,42.76,2.38,17.96638655,784.6,CSIQ
12/1/2020 16:00,41.98,2.38,17.63865546,784.6,CSIQ
12/2/2020 16:00,41.9,2.38,17.60504202,784.6,CSIQ
12/3/2020 16:00,40.44,2.38,16.99159664,784.6,CSIQ
12/4/2020 16:00,40.53,2.38,17.02941176,784.6,CSIQ
12/7/2020 16:00,39.71,2.38,16.68487395,784.6,CSIQ
12/8/2020 16:00,39.96,2.38,16.78991597,784.6,CSIQ
12/9/2020 16:00,37.53,2.38,15.76890756,784.6,CSIQ
12/10/2020 16:00,38.01,2.38,15.97058824,784.6,CSIQ
12/11/2020 16:00,37.95,2.38,15.94537815,784.6,CSIQ
12/14/2020 16:00,38.65,2.38,16.2394958,784.6,CSIQ
12/15/2020 16:00,43.02,2.38,18.07563025,784.6,CSIQ
12/16/2020 16:00,42.1,2.38,17.68907563,784.6,CSIQ
12/17/2020 16:00,41.36,2.38,17.37815126,784.6,CSIQ
12/18/2020 16:00,45.02,2.38,18.91596639,784.6,CSIQ
12/21/2020 16:00,47.98,2.38,20.15966387,784.6,CSIQ
12/22/2020 16:00,53.16,2.38,22.33613445,784.6,CSIQ
12/23/2020 16:00,52.93,2.38,22.2394958,784.6,CSIQ
12/24/2020 13:00,52.71,2.38,22.14705882,784.6,CSIQ
12/28/2020 16:00,51.26,2.38,21.53781513,784.6,CSIQ
12/29/2020 16:00,49.51,2.38,20.80252101,784.6,CSIQ
12/30/2020 16:00,50.68,2.38,21.29411765,784.6,CSIQ
12/31/2020 16:00,51.24,2.38,21.52941176,784.6,CSIQ
1/4/2021 16:00,52.64,1.46,36.05479452,1089.3,CSIQ
1/5/2021 16:00,50.52,1.46,34.60273973,1089.3,CSIQ
1/6/2021 16:00,54.31,1.46,37.19863014,1089.3,CSIQ
1/7/2021 16:00,56.61,1.46,38.7739726,1089.3,CSIQ
1/8/2021 16:00,56.07,1.46,38.40410959,1089.3,CSIQ
1/11/2021 16:00,56.2,1.46,38.49315068,1089.3,CSIQ
1/12/2021 16:00,55.98,1.46,38.34246575,1089.3,CSIQ
1/13/2021 16:00,54.45,1.46,37.29452055,1089.3,CSIQ
1/14/2021 16:00,55.62,1.46,38.09589041,1089.3,CSIQ
1/15/2021 16:00,51.27,1.46,35.11643836,1089.3,CSIQ
1/19/2021 16:00,55.03,1.46,37.69178082,1089.3,CSIQ
1/20/2021 16:00,57.22,1.46,39.19178082,1089.3,CSIQ
1/21/2021 16:00,64.15,1.46,43.93835616,1089.3,CSIQ
1/22/2021 16:00,63,1.46,43.15068493,1089.3,CSIQ
1/25/2021 16:00,60.57,1.46,41.48630137,1089.3,CSIQ
1/26/2021 16:00,60.46,1.46,41.4109589,1089.3,CSIQ
1/27/2021 16:00,58.9,1.46,40.34246575,1089.3,CSIQ
1/28/2021 16:00,57.48,1.46,39.36986301,1089.3,CSIQ
1/29/2021 16:00,54.75,1.46,37.5,1089.3,CSIQ
2/1/2021 16:00,55.85,1.46,38.25342466,1089.3,CSIQ
2/2/2021 16:00,57.77,1.46,39.56849315,1089.3,CSIQ
2/3/2021 16:00,59.21,1.46,40.55479452,1089.3,CSIQ
2/4/2021 16:00,58.17,1.46,39.84246575,1089.3,CSIQ
2/5/2021 16:00,57.88,1.46,39.64383562,1089.3,CSIQ
2/8/2021 16:00,59.5,1.46,40.75342466,1089.3,CSIQ
2/9/2021 16:00,60.73,1.46,41.59589041,1089.3,CSIQ
2/10/2021 16:00,60.75,1.46,41.60958904,1089.3,CSIQ
2/11/2021 16:00,61.23,1.46,41.93835616,1089.3,CSIQ
2/12/2021 16:00,60.47,1.46,41.41780822,1089.3,CSIQ
2/16/2021 16:00,57.88,1.46,39.64383562,1089.3,CSIQ
2/17/2021 16:00,55.82,1.46,38.23287671,1089.3,CSIQ
2/18/2021 16:00,52.01,1.46,35.62328767,1089.3,CSIQ
2/19/2021 16:00,52.78,1.46,36.15068493,1089.3,CSIQ
2/22/2021 16:00,48.04,1.46,32.90410959,1089.3,CSIQ
2/23/2021 16:00,46.35,1.46,31.74657534,1089.3,CSIQ
2/24/2021 16:00,48.76,1.46,33.39726027,1089.3,CSIQ
2/25/2021 16:00,45.62,1.46,31.24657534,1089.3,CSIQ
2/26/2021 16:00,46.93,1.46,32.14383562,1089.3,CSIQ
3/1/2021 16:00,49.59,1.46,33.96575342,1089.3,CSIQ
3/2/2021 16:00,47.94,1.46,32.83561644,1089.3,CSIQ
3/3/2021 16:00,43.42,1.46,29.73972603,1089.3,CSIQ
3/4/2021 16:00,41.46,1.46,28.39726027,1089.3,CSIQ
3/5/2021 16:00,40.58,1.46,27.79452055,1089.3,CSIQ
3/8/2021 16:00,39.61,1.46,27.13013699,1089.3,CSIQ
3/9/2021 16:00,43.93,1.46,30.0890411,1089.3,CSIQ
3/10/2021 16:00,43.32,1.46,29.67123288,1089.3,CSIQ
3/11/2021 16:00,46.95,1.46,32.15753425,1089.3,CSIQ
3/12/2021 16:00,45.98,1.46,31.49315068,1089.3,CSIQ
3/15/2021 16:00,44.84,1.46,30.71232877,1089.3,CSIQ
3/16/2021 16:00,42.52,1.46,29.12328767,1089.3,CSIQ
3/17/2021 16:00,41.4,1.46,28.35616438,1089.3,CSIQ
3/18/2021 16:00,42.86,1.46,29.35616438,1089.3,CSIQ
3/19/2021 16:00,45.43,1.46,31.11643836,1089.3,CSIQ
3/22/2021 16:00,48.8,1.46,33.42465753,1089.3,CSIQ
3/23/2021 16:00,47.42,1.46,32.47945205,1089.3,CSIQ
3/24/2021 16:00,44.99,1.46,30.81506849,1089.3,CSIQ
3/25/2021 16:00,44.43,1.46,30.43150685,1089.3,CSIQ
3/26/2021 16:00,46.84,1.46,32.08219178,1089.3,CSIQ
3/29/2021 16:00,45.08,1.46,30.87671233,1089.3,CSIQ
3/30/2021 16:00,48.87,1.46,33.47260274,1089.3,CSIQ
3/31/2021 16:00,49.63,1.46,33.99315068,1089.3,CSIQ
4/1/2021 16:00,48.51,1.46,33.2260274,1429.7,CSIQ
4/5/2021 16:00,46.42,1.46,31.79452055,1429.7,CSIQ
4/6/2021 16:00,47.75,1.46,32.70547945,1429.7,CSIQ
4/7/2021 16:00,45.72,1.46,31.31506849,1429.7,CSIQ
4/8/2021 16:00,44.82,1.46,30.69863014,1429.7,CSIQ
4/9/2021 16:00,43.37,1.46,29.70547945,1429.7,CSIQ
4/12/2021 16:00,43.27,1.46,29.6369863,1429.7,CSIQ
4/13/2021 16:00,43.54,1.46,29.82191781,1429.7,CSIQ
4/14/2021 16:00,42.66,1.46,29.21917808,1429.7,CSIQ
4/15/2021 16:00,42.71,1.46,29.25342466,1429.7,CSIQ
4/16/2021 16:00,44.11,1.46,30.21232877,1429.7,CSIQ
4/19/2021 16:00,42.59,1.46,29.17123288,1429.7,CSIQ
4/20/2021 16:00,42.91,1.46,29.39041096,1429.7,CSIQ
4/21/2021 16:00,44.5,1.46,30.47945205,1429.7,CSIQ
4/22/2021 16:00,44.82,1.46,30.69863014,1429.7,CSIQ
4/23/2021 16:00,45.75,1.46,31.33561644,1429.7,CSIQ
4/26/2021 16:00,46.26,1.46,31.68493151,1429.7,CSIQ
4/27/2021 16:00,45.57,1.46,31.21232877,1429.7,CSIQ
4/28/2021 16:00,44.01,1.46,30.14383562,1429.7,CSIQ
4/29/2021 16:00,42.89,1.46,29.37671233,1429.7,CSIQ
4/30/2021 16:00,41.24,1.46,28.24657534,1429.7,CSIQ
5/3/2021 16:00,41.33,1.46,28.30821918,1429.7,CSIQ
5/4/2021 16:00,39.2,1.46,26.84931507,1429.7,CSIQ
5/5/2021 16:00,39.01,1.46,26.71917808,1429.7,CSIQ
5/6/2021 16:00,39.2,1.46,26.84931507,1429.7,CSIQ
5/7/2021 16:00,39.63,1.46,27.14383562,1429.7,CSIQ
5/10/2021 16:00,37.38,1.46,25.60273973,1429.7,CSIQ
5/11/2021 16:00,38.11,1.46,26.10273973,1429.7,CSIQ
5/12/2021 16:00,35.55,1.46,24.34931507,1429.7,CSIQ
5/13/2021 16:00,35.25,1.46,24.14383562,1429.7,CSIQ
5/14/2021 16:00,36.62,1.46,25.08219178,1429.7,CSIQ
5/17/2021 16:00,36.1,1.46,24.7260274,1429.7,CSIQ
5/18/2021 16:00,36.21,1.46,24.80136986,1429.7,CSIQ
5/19/2021 16:00,36.96,1.46,25.31506849,1429.7,CSIQ
5/20/2021 16:00,39.29,1.46,26.9109589,1429.7,CSIQ
5/21/2021 16:00,39.05,1.46,26.74657534,1429.7,CSIQ
5/24/2021 16:00,38.41,1.46,26.30821918,1429.7,CSIQ
5/25/2021 16:00,38.18,1.46,26.15068493,1429.7,CSIQ
5/26/2021 16:00,41,1.46,28.08219178,1429.7,CSIQ
5/27/2021 16:00,39.61,1.46,27.13013699,1429.7,CSIQ
5/28/2021 16:00,39.58,1.46,27.10958904,1429.7,CSIQ
6/1/2021 16:00,40.12,1.46,27.47945205,1429.7,CSIQ
6/2/2021 16:00,39.77,1.46,27.23972603,1429.7,CSIQ
6/3/2021 16:00,38.24,1.46,26.19178082,1429.7,CSIQ
6/4/2021 16:00,38.83,1.46,26.59589041,1429.7,CSIQ
6/7/2021 16:00,37.85,1.46,25.92465753,1429.7,CSIQ
6/8/2021 16:00,39.17,1.46,26.82876712,1429.7,CSIQ
6/9/2021 16:00,38.59,1.46,26.43150685,1429.7,CSIQ
6/10/2021 16:00,39.9,1.46,27.32876712,1429.7,CSIQ
6/11/2021 16:00,40.27,1.46,27.58219178,1429.7,CSIQ
6/14/2021 16:00,40.25,1.46,27.56849315,1429.7,CSIQ
6/15/2021 16:00,38.14,1.46,26.12328767,1429.7,CSIQ
6/16/2021 16:00,37.81,1.46,25.89726027,1429.7,CSIQ
6/17/2021 16:00,39.43,1.46,27.00684932,1429.7,CSIQ
6/18/2021 16:00,39.39,1.46,26.97945205,1429.7,CSIQ
6/21/2021 16:00,38.34,1.46,26.26027397,1429.7,CSIQ
6/22/2021 16:00,37.95,1.46,25.99315068,1429.7,CSIQ
6/23/2021 16:00,38.72,1.46,26.52054795,1429.7,CSIQ
6/24/2021 16:00,38.69,1.46,26.5,1429.7,CSIQ
6/25/2021 16:00,40.43,1.46,27.69178082,1429.7,CSIQ
6/28/2021 16:00,45.5,1.46,31.16438356,1429.7,CSIQ
6/29/2021 16:00,47.12,1.46,32.2739726,1429.7,CSIQ
6/30/2021 16:00,44.84,1.46,30.71232877,1429.7,CSIQ
7/1/2021 16:00,43.64,1.46,29.89041096,1229.5,CSIQ
7/2/2021 16:00,43.08,1.46,29.50684932,1229.5,CSIQ
7/6/2021 16:00,43.74,1.46,29.95890411,1229.5,CSIQ
7/7/2021 16:00,43.05,1.46,29.48630137,1229.5,CSIQ
7/8/2021 16:00,41.3,1.46,28.28767123,1229.5,CSIQ
7/9/2021 16:00,40.81,1.46,27.95205479,1229.5,CSIQ
7/12/2021 16:00,43.09,1.46,29.51369863,1229.5,CSIQ
7/13/2021 16:00,42.04,1.46,28.79452055,1229.5,CSIQ
7/14/2021 16:00,39.61,1.46,27.13013699,1229.5,CSIQ
7/15/2021 16:00,38.67,1.46,26.48630137,1229.5,CSIQ
7/16/2021 16:00,37.64,1.46,25.78082192,1229.5,CSIQ
7/19/2021 16:00,37.75,1.46,25.85616438,1229.5,CSIQ
7/20/2021 16:00,38.2,1.46,26.16438356,1229.5,CSIQ
7/21/2021 16:00,40.01,1.46,27.40410959,1229.5,CSIQ
7/22/2021 16:00,39.68,1.46,27.17808219,1229.5,CSIQ
7/23/2021 16:00,39.02,1.46,26.7260274,1229.5,CSIQ
7/26/2021 16:00,38.06,1.46,26.06849315,1229.5,CSIQ
7/27/2021 16:00,38.31,1.46,26.23972603,1229.5,CSIQ
7/28/2021 16:00,40.02,1.46,27.4109589,1229.5,CSIQ
7/29/2021 16:00,40.71,1.46,27.88356164,1229.5,CSIQ
7/30/2021 16:00,40.25,1.46,27.56849315,1229.5,CSIQ
8/2/2021 16:00,39.87,1.46,27.30821918,1229.5,CSIQ
8/3/2021 16:00,41.6,1.46,28.49315068,1229.5,CSIQ
8/4/2021 16:00,41.41,1.46,28.3630137,1229.5,CSIQ
8/5/2021 16:00,40.06,1.46,27.43835616,1229.5,CSIQ
8/6/2021 16:00,40.01,1.46,27.40410959,1229.5,CSIQ
8/9/2021 16:00,40.85,1.46,27.97945205,1229.5,CSIQ
8/10/2021 16:00,42,1.46,28.76712329,1229.5,CSIQ
8/11/2021 16:00,41.48,1.46,28.4109589,1229.5,CSIQ
8/12/2021 16:00,41.6,1.46,28.49315068,1229.5,CSIQ
8/13/2021 16:00,38.58,1.46,26.42465753,1229.5,CSIQ
8/16/2021 16:00,37.06,1.46,25.38356164,1229.5,CSIQ
8/17/2021 16:00,34.71,1.46,23.7739726,1229.5,CSIQ
8/18/2021 16:00,34.56,1.46,23.67123288,1229.5,CSIQ
8/19/2021 16:00,31.99,1.46,21.9109589,1229.5,CSIQ
8/20/2021 16:00,32.36,1.46,22.16438356,1229.5,CSIQ
8/23/2021 16:00,34.1,1.46,23.35616438,1229.5,CSIQ
8/24/2021 16:00,36,1.46,24.65753425,1229.5,CSIQ
8/25/2021 16:00,36.33,1.46,24.88356164,1229.5,CSIQ
8/26/2021 16:00,36.23,1.46,24.81506849,1229.5,CSIQ
8/27/2021 16:00,36.89,1.46,25.26712329,1229.5,CSIQ
8/30/2021 16:00,37.37,1.46,25.59589041,1229.5,CSIQ
8/31/2021 16:00,36.97,1.46,25.32191781,1229.5,CSIQ
9/1/2021 16:00,37.41,1.46,25.62328767,1229.5,CSIQ
9/2/2021 16:00,37.59,1.46,25.74657534,1229.5,CSIQ
9/3/2021 16:00,37.12,1.46,25.42465753,1229.5,CSIQ
9/7/2021 16:00,37.38,1.46,25.60273973,1229.5,CSIQ
9/8/2021 16:00,36.39,1.46,24.92465753,1229.5,CSIQ
9/9/2021 16:00,36.9,1.46,25.2739726,1229.5,CSIQ
9/10/2021 16:00,36.36,1.46,24.90410959,1229.5,CSIQ
9/13/2021 16:00,37.73,1.46,25.84246575,1229.5,CSIQ
9/14/2021 16:00,37.09,1.46,25.40410959,1229.5,CSIQ
9/15/2021 16:00,37.6,1.46,25.75342466,1229.5,CSIQ
9/16/2021 16:00,36.54,1.46,25.02739726,1229.5,CSIQ
9/17/2021 16:00,36.97,1.46,25.32191781,1229.5,CSIQ
9/20/2021 16:00,34.31,1.46,23.5,1229.5,CSIQ
9/21/2021 16:00,34.89,1.46,23.89726027,1229.5,CSIQ
9/22/2021 16:00,35.34,1.46,24.20547945,1229.5,CSIQ
9/23/2021 16:00,34.33,1.46,23.51369863,1229.5,CSIQ
9/24/2021 16:00,33.72,1.46,23.09589041,1229.5,CSIQ
9/27/2021 16:00,34.67,1.46,23.74657534,1229.5,CSIQ
9/28/2021 16:00,33.61,1.46,23.02054795,1229.5,CSIQ
9/29/2021 16:00,33.4,1.46,22.87671233,1229.5,CSIQ
9/30/2021 16:00,34.59,1.46,23.69178082,1229.5,CSIQ
10/1/2021 16:00,34.42,1.46,23.57534247,1343.3,CSIQ
10/4/2021 16:00,31.9,1.46,21.84931507,1343.3,CSIQ
10/5/2021 16:00,32.08,1.46,21.97260274,1343.3,CSIQ
10/6/2021 16:00,31.79,1.46,21.7739726,1343.3,CSIQ
10/7/2021 16:00,32.07,1.46,21.96575342,1343.3,CSIQ
10/8/2021 16:00,33.03,1.46,22.62328767,1343.3,CSIQ
10/11/2021 16:00,34.22,1.46,23.43835616,1343.3,CSIQ
10/12/2021 16:00,36.37,1.46,24.9109589,1343.3,CSIQ
10/13/2021 16:00,36.82,1.46,25.21917808,1343.3,CSIQ
10/14/2021 16:00,36.28,1.46,24.84931507,1343.3,CSIQ
10/15/2021 16:00,36.71,1.46,25.14383562,1343.3,CSIQ
10/18/2021 16:00,37.02,1.46,25.35616438,1343.3,CSIQ
10/19/2021 16:00,37.35,1.46,25.58219178,1343.3,CSIQ
10/20/2021 16:00,37.25,1.46,25.51369863,1343.3,CSIQ
10/21/2021 16:00,38.21,1.46,26.17123288,1343.3,CSIQ
10/22/2021 16:00,37.52,1.46,25.69863014,1343.3,CSIQ
10/25/2021 16:00,39.05,1.46,26.74657534,1343.3,CSIQ
10/26/2021 16:00,38.21,1.46,26.17123288,1343.3,CSIQ
10/27/2021 16:00,38.79,1.46,26.56849315,1343.3,CSIQ
10/28/2021 16:00,40.85,1.46,27.97945205,1343.3,CSIQ
10/29/2021 16:00,41.55,1.46,28.45890411,1343.3,CSIQ
11/1/2021 16:00,41.29,1.46,28.28082192,1343.3,CSIQ
11/2/2021 16:00,39.08,1.46,26.76712329,1343.3,CSIQ
11/3/2021 16:00,39.53,1.46,27.07534247,1343.3,CSIQ
11/4/2021 16:00,39.58,1.46,27.10958904,1343.3,CSIQ
11/5/2021 16:00,38.38,1.46,26.28767123,1343.3,CSIQ
11/8/2021 16:00,38.6,1.46,26.43835616,1343.3,CSIQ
11/9/2021 16:00,38.26,1.46,26.20547945,1343.3,CSIQ
11/10/2021 16:00,36.26,1.46,24.83561644,1343.3,CSIQ
11/11/2021 16:00,40.95,1.46,28.04794521,1343.3,CSIQ
11/12/2021 16:00,39.37,1.46,26.96575342,1343.3,CSIQ
11/15/2021 16:00,39.57,1.46,27.10273973,1343.3,CSIQ
11/16/2021 16:00,40.01,1.46,27.40410959,1343.3,CSIQ
11/17/2021 16:00,38.64,1.46,26.46575342,1343.3,CSIQ
11/18/2021 16:00,39,1.46,26.71232877,1343.3,CSIQ
11/19/2021 16:00,40.88,1.46,28,1343.3,CSIQ
11/22/2021 16:00,40.63,1.46,27.82876712,1343.3,CSIQ
11/23/2021 16:00,39.21,1.46,26.85616438,1343.3,CSIQ
11/24/2021 16:00,39.24,1.46,26.87671233,1343.3,CSIQ
11/26/2021 13:00,38.28,1.46,26.21917808,1343.3,CSIQ
11/29/2021 16:00,39.06,1.46,26.75342466,1343.3,CSIQ
11/30/2021 16:00,37.94,1.46,25.98630137,1343.3,CSIQ
12/1/2021 16:00,36.68,1.46,25.12328767,1343.3,CSIQ
12/2/2021 16:00,35.22,1.46,24.12328767,1343.3,CSIQ
12/3/2021 16:00,32.52,1.46,22.2739726,1343.3,CSIQ
12/6/2021 16:00,32.94,1.46,22.56164384,1343.3,CSIQ
12/7/2021 16:00,33.67,1.46,23.06164384,1343.3,CSIQ
12/8/2021 16:00,34.11,1.46,23.3630137,1343.3,CSIQ
12/9/2021 16:00,32.9,1.46,22.53424658,1343.3,CSIQ
12/10/2021 16:00,32.47,1.46,22.23972603,1343.3,CSIQ
12/13/2021 16:00,32.96,1.46,22.57534247,1343.3,CSIQ
12/14/2021 16:00,30.98,1.46,21.21917808,1343.3,CSIQ
12/15/2021 16:00,31,1.46,21.23287671,1343.3,CSIQ
12/16/2021 16:00,30.21,1.46,20.69178082,1343.3,CSIQ
12/17/2021 16:00,31.86,1.46,21.82191781,1343.3,CSIQ
12/20/2021 16:00,30.18,1.46,20.67123288,1343.3,CSIQ
12/21/2021 16:00,31.86,1.46,21.82191781,1343.3,CSIQ
12/22/2021 16:00,31.29,1.46,21.43150685,1343.3,CSIQ
12/23/2021 16:00,31.11,1.46,21.30821918,1343.3,CSIQ
12/27/2021 16:00,30.96,1.46,21.20547945,1343.3,CSIQ
12/28/2021 16:00,30.85,1.46,21.13013699,1343.3,CSIQ
12/29/2021 16:00,30.42,1.46,20.83561644,1343.3,CSIQ
12/30/2021 16:00,31.4,1.46,21.50684932,1343.3,CSIQ
12/31/2021 16:00,31.29,1.46,21.43150685,1343.3,CSIQ
1/3/2022 16:00,31.33,2.03,15.43349754,1250.3,CSIQ
1/4/2022 16:00,31.17,2.03,15.3546798,1250.3,CSIQ
1/5/2022 16:00,29.16,2.03,14.36453202,1250.3,CSIQ
1/6/2022 16:00,29.17,2.03,14.36945813,1250.3,CSIQ
1/7/2022 16:00,29.78,2.03,14.66995074,1250.3,CSIQ
1/10/2022 16:00,29.1,2.03,14.33497537,1250.3,CSIQ
1/11/2022 16:00,29.51,2.03,14.53694581,1250.3,CSIQ
1/12/2022 16:00,29.72,2.03,14.64039409,1250.3,CSIQ
1/13/2022 16:00,27.76,2.03,13.67487685,1250.3,CSIQ
1/14/2022 16:00,28.25,2.03,13.91625616,1250.3,CSIQ
1/18/2022 16:00,27.29,2.03,13.44334975,1250.3,CSIQ
1/19/2022 16:00,26.4,2.03,13.00492611,1250.3,CSIQ
1/20/2022 16:00,26.44,2.03,13.02463054,1250.3,CSIQ
1/21/2022 16:00,25.18,2.03,12.40394089,1250.3,CSIQ
1/24/2022 16:00,25.61,2.03,12.61576355,1250.3,CSIQ
1/25/2022 16:00,25.32,2.03,12.4729064,1250.3,CSIQ
1/26/2022 16:00,25.94,2.03,12.77832512,1250.3,CSIQ
1/27/2022 16:00,25.07,2.03,12.34975369,1250.3,CSIQ
1/28/2022 16:00,25.24,2.03,12.43349754,1250.3,CSIQ
1/31/2022 16:00,27.99,2.03,13.78817734,1250.3,CSIQ
2/1/2022 16:00,27.79,2.03,13.68965517,1250.3,CSIQ
2/2/2022 16:00,26.54,2.03,13.07389163,1250.3,CSIQ
2/3/2022 16:00,25.77,2.03,12.69458128,1250.3,CSIQ
2/4/2022 16:00,26.66,2.03,13.13300493,1250.3,CSIQ
2/7/2022 16:00,26.71,2.03,13.15763547,1250.3,CSIQ
2/8/2022 16:00,27.34,2.03,13.4679803,1250.3,CSIQ
2/9/2022 16:00,28.2,2.03,13.89162562,1250.3,CSIQ
2/10/2022 16:00,27.91,2.03,13.74876847,1250.3,CSIQ
2/11/2022 16:00,27.6,2.03,13.59605911,1250.3,CSIQ
2/14/2022 16:00,27.36,2.03,13.47783251,1250.3,CSIQ
2/15/2022 16:00,29.33,2.03,14.44827586,1250.3,CSIQ
2/16/2022 16:00,29.55,2.03,14.55665025,1250.3,CSIQ
2/17/2022 16:00,29,2.03,14.28571429,1250.3,CSIQ
2/18/2022 16:00,28.38,2.03,13.98029557,1250.3,CSIQ
2/22/2022 16:00,26.52,2.03,13.06403941,1250.3,CSIQ
2/23/2022 16:00,26.63,2.03,13.1182266,1250.3,CSIQ
2/24/2022 16:00,29.1,2.03,14.33497537,1250.3,CSIQ
2/25/2022 16:00,29.84,2.03,14.69950739,1250.3,CSIQ
2/28/2022 16:00,31.66,2.03,15.59605911,1250.3,CSIQ
3/1/2022 16:00,32.77,2.03,16.14285714,1250.3,CSIQ
3/2/2022 16:00,31.13,2.03,15.33497537,1250.3,CSIQ
3/3/2022 16:00,30.58,2.03,15.06403941,1250.3,CSIQ
3/4/2022 16:00,30.86,2.03,15.20197044,1250.3,CSIQ
3/7/2022 16:00,31.9,2.03,15.71428571,1250.3,CSIQ
3/8/2022 16:00,36.4,2.03,17.93103448,1250.3,CSIQ
3/9/2022 16:00,37.04,2.03,18.24630542,1250.3,CSIQ
3/10/2022 16:00,34.92,2.03,17.20197044,1250.3,CSIQ
3/11/2022 16:00,33.16,2.03,16.33497537,1250.3,CSIQ
3/14/2022 16:00,28.6,2.03,14.08866995,1250.3,CSIQ
3/15/2022 16:00,30.68,2.03,15.11330049,1250.3,CSIQ
3/16/2022 16:00,33.16,2.03,16.33497537,1250.3,CSIQ
3/17/2022 16:00,33.94,2.03,16.71921182,1250.3,CSIQ
3/18/2022 16:00,35.08,2.03,17.28078818,1250.3,CSIQ
3/21/2022 16:00,35.55,2.03,17.51231527,1250.3,CSIQ
3/22/2022 16:00,37.21,2.03,18.33004926,1250.3,CSIQ
3/23/2022 16:00,36.15,2.03,17.80788177,1250.3,CSIQ
3/24/2022 16:00,37.19,2.03,18.32019704,1250.3,CSIQ
3/25/2022 16:00,35.81,2.03,17.64039409,1250.3,CSIQ
3/28/2022 16:00,35.67,2.03,17.57142857,1250.3,CSIQ
3/29/2022 16:00,36.12,2.03,17.79310345,1250.3,CSIQ
3/30/2022 16:00,35.1,2.03,17.29064039,1250.3,CSIQ
3/31/2022 16:00,35.36,2.03,17.41871921,1250.3,CSIQ
4/1/2022 16:00,35.82,2.03,17.6453202,1500.1,CSIQ
4/4/2022 16:00,37.95,2.03,18.69458128,1500.1,CSIQ
4/5/2022 16:00,35.54,2.03,17.50738916,1500.1,CSIQ
4/6/2022 16:00,34.67,2.03,17.07881773,1500.1,CSIQ
4/7/2022 16:00,34.5,2.03,16.99507389,1500.1,CSIQ
4/8/2022 16:00,33.7,2.03,16.60098522,1500.1,CSIQ
4/11/2022 16:00,34.02,2.03,16.75862069,1500.1,CSIQ
4/12/2022 16:00,33.91,2.03,16.7044335,1500.1,CSIQ
4/13/2022 16:00,34.36,2.03,16.92610837,1500.1,CSIQ
4/14/2022 16:00,33.51,2.03,16.50738916,1500.1,CSIQ
4/18/2022 16:00,33.57,2.03,16.53694581,1500.1,CSIQ
4/19/2022 16:00,34.33,2.03,16.91133005,1500.1,CSIQ
4/20/2022 16:00,32.44,2.03,15.98029557,1500.1,CSIQ
4/21/2022 16:00,30.25,2.03,14.90147783,1500.1,CSIQ
4/22/2022 16:00,29.53,2.03,14.54679803,1500.1,CSIQ
4/25/2022 16:00,28.76,2.03,14.16748768,1500.1,CSIQ
4/26/2022 16:00,27.51,2.03,13.55172414,1500.1,CSIQ
4/27/2022 16:00,27.78,2.03,13.68472906,1500.1,CSIQ
4/28/2022 16:00,28.06,2.03,13.8226601,1500.1,CSIQ
4/29/2022 16:00,27.52,2.03,13.55665025,1500.1,CSIQ
5/2/2022 16:00,27.81,2.03,13.69950739,1500.1,CSIQ
5/3/2022 16:00,28.91,2.03,14.24137931,1500.1,CSIQ
5/4/2022 16:00,30.51,2.03,15.02955665,1500.1,CSIQ
5/5/2022 16:00,29.26,2.03,14.4137931,1500.1,CSIQ
5/6/2022 16:00,28.12,2.03,13.85221675,1500.1,CSIQ
5/9/2022 16:00,25.69,2.03,12.65517241,1500.1,CSIQ
5/10/2022 16:00,25.78,2.03,12.69950739,1500.1,CSIQ
5/11/2022 16:00,23.3,2.03,11.47783251,1500.1,CSIQ
5/12/2022 16:00,22.54,2.03,11.10344828,1500.1,CSIQ
5/13/2022 16:00,24.34,2.03,11.99014778,1500.1,CSIQ
5/16/2022 16:00,24.23,2.03,11.93596059,1500.1,CSIQ
5/17/2022 16:00,26.7,2.03,13.15270936,1500.1,CSIQ
5/18/2022 16:00,27.26,2.03,13.42857143,1500.1,CSIQ
5/19/2022 16:00,28.76,2.03,14.16748768,1500.1,CSIQ
5/20/2022 16:00,29.39,2.03,14.47783251,1500.1,CSIQ
5/23/2022 16:00,29.14,2.03,14.3546798,1500.1,CSIQ
5/24/2022 16:00,30.62,2.03,15.08374384,1500.1,CSIQ
5/25/2022 16:00,29.19,2.03,14.37931034,1500.1,CSIQ
5/26/2022 16:00,30.31,2.03,14.93103448,1500.1,CSIQ
5/27/2022 16:00,31.3,2.03,15.41871921,1500.1,CSIQ
5/31/2022 16:00,32.06,2.03,15.79310345,1500.1,CSIQ
6/1/2022 16:00,32.25,2.03,15.88669951,1500.1,CSIQ
6/2/2022 16:00,33.43,2.03,16.4679803,1500.1,CSIQ
6/3/2022 16:00,33.1,2.03,16.30541872,1500.1,CSIQ
6/6/2022 16:00,35.61,2.03,17.54187192,1500.1,CSIQ
6/7/2022 16:00,35.09,2.03,17.28571429,1500.1,CSIQ
6/8/2022 16:00,34.69,2.03,17.08866995,1500.1,CSIQ
6/9/2022 16:00,34.02,2.03,16.75862069,1500.1,CSIQ
6/10/2022 16:00,32.34,2.03,15.93103448,1500.1,CSIQ
6/13/2022 16:00,30.16,2.03,14.85714286,1500.1,CSIQ
6/14/2022 16:00,29.37,2.03,14.4679803,1500.1,CSIQ
6/15/2022 16:00,29.78,2.03,14.66995074,1500.1,CSIQ
6/16/2022 16:00,28.23,2.03,13.90640394,1500.1,CSIQ
6/17/2022 16:00,30.63,2.03,15.08866995,1500.1,CSIQ
6/21/2022 16:00,31.22,2.03,15.37931034,1500.1,CSIQ
6/22/2022 16:00,31.26,2.03,15.39901478,1500.1,CSIQ
6/23/2022 16:00,32.38,2.03,15.95073892,1500.1,CSIQ
6/24/2022 16:00,32.38,2.03,15.95073892,1500.1,CSIQ
6/27/2022 16:00,33.95,2.03,16.72413793,1500.1,CSIQ
6/28/2022 16:00,31.84,2.03,15.68472906,1500.1,CSIQ
6/29/2022 16:00,30.09,2.03,14.8226601,1500.1,CSIQ
6/30/2022 16:00,31.14,2.03,15.33990148,1500.1,CSIQ
7/1/2022 16:00,31.12,2.03,15.33004926,1500.1,CSIQ
7/5/2022 16:00,30.17,2.03,14.86206897,1500.1,CSIQ
7/6/2022 16:00,29.28,2.03,14.42364532,1500.1,CSIQ
7/7/2022 16:00,32.13,2.03,15.82758621,1500.1,CSIQ
7/8/2022 16:00,32.98,2.03,16.24630542,1500.1,CSIQ
7/11/2022 16:00,29.58,2.03,14.57142857,1500.1,CSIQ
7/12/2022 16:00,29.3,2.03,14.43349754,1500.1,CSIQ
7/13/2022 16:00,29.31,2.03,14.43842365,1500.1,CSIQ
7/14/2022 16:00,29.41,2.03,14.48768473,1500.1,CSIQ
7/15/2022 16:00,29.15,2.03,14.35960591,1500.1,CSIQ
7/18/2022 16:00,30.16,2.03,14.85714286,1500.1,CSIQ
7/19/2022 16:00,30.76,2.03,15.15270936,1500.1,CSIQ
7/20/2022 16:00,31.94,2.03,15.73399015,1500.1,CSIQ
7/21/2022 16:00,31.48,2.03,15.50738916,1500.1,CSIQ
7/22/2022 16:00,32.2,2.03,15.86206897,1500.1,CSIQ
7/25/2022 16:00,33.55,2.03,16.5270936,1500.1,CSIQ
7/26/2022 16:00,32.25,2.03,15.88669951,1500.1,CSIQ
7/27/2022 16:00,34.06,2.03,16.77832512,1500.1,CSIQ
7/28/2022 16:00,36,2.03,17.73399015,1500.1,CSIQ
7/29/2022 16:00,36.89,2.03,18.17241379,1500.1,CSIQ
