date,close,eps,pe,revenue,symbol
1/2/2018 16:00,38.05,2.69,14.14498141,209.9,SEDG
1/3/2018 16:00,39.05,2.69,14.51672862,209.9,SEDG
1/4/2018 16:00,37.35,2.69,13.88475836,209.9,SEDG
1/5/2018 16:00,37.9,2.69,14.08921933,209.9,SEDG
1/8/2018 16:00,38.35,2.69,14.25650558,209.9,SEDG
1/9/2018 16:00,37.2,2.69,13.82899628,209.9,SEDG
1/10/2018 16:00,36.6,2.69,13.60594796,209.9,SEDG
1/11/2018 16:00,37.5,2.69,13.94052045,209.9,SEDG
1/12/2018 16:00,36.3,2.69,13.49442379,209.9,SEDG
1/16/2018 16:00,35.65,2.69,13.2527881,209.9,SEDG
1/17/2018 16:00,36.5,2.69,13.56877323,209.9,SEDG
1/18/2018 16:00,35.7,2.69,13.27137546,209.9,SEDG
1/19/2018 16:00,35.2,2.69,13.08550186,209.9,SEDG
1/22/2018 16:00,34.75,2.69,12.91821561,209.9,SEDG
1/23/2018 16:00,35.65,2.69,13.2527881,209.9,SEDG
1/24/2018 16:00,35.3,2.69,13.12267658,209.9,SEDG
1/25/2018 16:00,36.4,2.69,13.53159851,209.9,SEDG
1/26/2018 16:00,36.75,2.69,13.66171004,209.9,SEDG
1/29/2018 16:00,37.1,2.69,13.79182156,209.9,SEDG
1/30/2018 16:00,35.65,2.69,13.2527881,209.9,SEDG
1/31/2018 16:00,35.9,2.69,13.34572491,209.9,SEDG
2/1/2018 16:00,35.4,2.69,13.1598513,209.9,SEDG
2/2/2018 16:00,34.58,2.69,12.85501859,209.9,SEDG
2/5/2018 16:00,34.8,2.69,12.93680297,209.9,SEDG
2/6/2018 16:00,34.5,2.69,12.82527881,209.9,SEDG
2/7/2018 16:00,33.67,2.69,12.51672862,209.9,SEDG
2/8/2018 16:00,32.25,2.69,11.98884758,209.9,SEDG
2/9/2018 16:00,32.2,2.69,11.97026022,209.9,SEDG
2/12/2018 16:00,34.5,2.69,12.82527881,209.9,SEDG
2/13/2018 16:00,36,2.69,13.38289963,209.9,SEDG
2/14/2018 16:00,36.9,2.69,13.71747212,209.9,SEDG
2/15/2018 16:00,45.85,2.69,17.04460967,209.9,SEDG
2/16/2018 16:00,46,2.69,17.10037175,209.9,SEDG
2/20/2018 16:00,47.45,2.69,17.6394052,209.9,SEDG
2/21/2018 16:00,47.8,2.69,17.76951673,209.9,SEDG
2/22/2018 16:00,48.35,2.69,17.9739777,209.9,SEDG
2/23/2018 16:00,50,2.69,18.58736059,209.9,SEDG
2/26/2018 16:00,50.9,2.69,18.92193309,209.9,SEDG
2/27/2018 16:00,50.15,2.69,18.64312268,209.9,SEDG
2/28/2018 16:00,50.05,2.69,18.60594796,209.9,SEDG
3/1/2018 16:00,49.8,2.69,18.51301115,209.9,SEDG
3/2/2018 16:00,50.9,2.69,18.92193309,209.9,SEDG
3/5/2018 16:00,50.6,2.69,18.81040892,209.9,SEDG
3/6/2018 16:00,52.5,2.69,19.51672862,209.9,SEDG
3/7/2018 16:00,51.65,2.69,19.20074349,209.9,SEDG
3/8/2018 16:00,52.08,2.69,19.3605948,209.9,SEDG
3/9/2018 16:00,52.45,2.69,19.49814126,209.9,SEDG
3/12/2018 16:00,54,2.69,20.07434944,209.9,SEDG
3/13/2018 16:00,54.05,2.69,20.0929368,209.9,SEDG
3/14/2018 16:00,54.7,2.69,20.33457249,209.9,SEDG
3/15/2018 16:00,54.75,2.69,20.35315985,209.9,SEDG
3/16/2018 16:00,54.45,2.69,20.24163569,209.9,SEDG
3/19/2018 16:00,55.1,2.69,20.48327138,209.9,SEDG
3/20/2018 16:00,56.75,2.69,21.09665428,209.9,SEDG
3/21/2018 16:00,56.2,2.69,20.89219331,209.9,SEDG
3/22/2018 16:00,54.7,2.69,20.33457249,209.9,SEDG
3/23/2018 16:00,54,2.69,20.07434944,209.9,SEDG
3/26/2018 16:00,56.45,2.69,20.98513011,209.9,SEDG
3/27/2018 16:00,55.2,2.69,20.5204461,209.9,SEDG
3/28/2018 16:00,51,2.69,18.95910781,209.9,SEDG
3/29/2018 16:00,52.6,2.69,19.55390335,209.9,SEDG
4/2/2018 16:00,54.1,2.69,20.11152416,227.1,SEDG
4/3/2018 16:00,55.8,2.69,20.74349442,227.1,SEDG
4/4/2018 16:00,54.6,2.69,20.29739777,227.1,SEDG
4/5/2018 16:00,57.2,2.69,21.26394052,227.1,SEDG
4/6/2018 16:00,54.23,2.69,20.1598513,227.1,SEDG
4/9/2018 16:00,56.55,2.69,21.02230483,227.1,SEDG
4/10/2018 16:00,54.8,2.69,20.37174721,227.1,SEDG
4/11/2018 16:00,55,2.69,20.44609665,227.1,SEDG
4/12/2018 16:00,55.15,2.69,20.50185874,227.1,SEDG
4/13/2018 16:00,54.15,2.69,20.13011152,227.1,SEDG
4/16/2018 16:00,53.1,2.69,19.73977695,227.1,SEDG
4/17/2018 16:00,54.25,2.69,20.16728625,227.1,SEDG
4/18/2018 16:00,56,2.69,20.81784387,227.1,SEDG
4/19/2018 16:00,55.05,2.69,20.46468401,227.1,SEDG
4/20/2018 16:00,55.2,2.69,20.5204461,227.1,SEDG
4/23/2018 16:00,53.15,2.69,19.75836431,227.1,SEDG
4/24/2018 16:00,52.7,2.69,19.59107807,227.1,SEDG
4/25/2018 16:00,52.35,2.69,19.46096654,227.1,SEDG
4/26/2018 16:00,53,2.69,19.70260223,227.1,SEDG
4/27/2018 16:00,53.1,2.69,19.73977695,227.1,SEDG
4/30/2018 16:00,52.65,2.69,19.57249071,227.1,SEDG
5/1/2018 16:00,52.55,2.69,19.53531599,227.1,SEDG
5/2/2018 16:00,53,2.69,19.70260223,227.1,SEDG
5/3/2018 16:00,52.85,2.69,19.64684015,227.1,SEDG
5/4/2018 16:00,54.6,2.69,20.29739777,227.1,SEDG
5/7/2018 16:00,56.95,2.69,21.17100372,227.1,SEDG
5/8/2018 16:00,56.15,2.69,20.87360595,227.1,SEDG
5/9/2018 16:00,55.65,2.69,20.68773234,227.1,SEDG
5/10/2018 16:00,64.85,2.69,24.10780669,227.1,SEDG
5/11/2018 16:00,64.3,2.69,23.90334572,227.1,SEDG
5/14/2018 16:00,68.55,2.69,25.48327138,227.1,SEDG
5/15/2018 16:00,67.65,2.69,25.14869888,227.1,SEDG
5/16/2018 16:00,67.55,2.69,25.11152416,227.1,SEDG
5/17/2018 16:00,66.6,2.69,24.75836431,227.1,SEDG
5/18/2018 16:00,66.6,2.69,24.75836431,227.1,SEDG
5/21/2018 16:00,67.25,2.69,25,227.1,SEDG
5/22/2018 16:00,66.35,2.69,24.66542751,227.1,SEDG
5/23/2018 16:00,61.65,2.69,22.91821561,227.1,SEDG
5/24/2018 16:00,56.45,2.69,20.98513011,227.1,SEDG
5/25/2018 16:00,58.95,2.69,21.91449814,227.1,SEDG
5/29/2018 16:00,60.2,2.69,22.37918216,227.1,SEDG
5/30/2018 16:00,58.65,2.69,21.80297398,227.1,SEDG
5/31/2018 16:00,55.85,2.69,20.76208178,227.1,SEDG
6/1/2018 16:00,54.7,2.69,20.33457249,227.1,SEDG
6/4/2018 16:00,56,2.69,20.81784387,227.1,SEDG
6/5/2018 16:00,53.25,2.69,19.79553903,227.1,SEDG
6/6/2018 16:00,53.5,2.69,19.88847584,227.1,SEDG
6/7/2018 16:00,53.45,2.69,19.86988848,227.1,SEDG
6/8/2018 16:00,53.9,2.69,20.03717472,227.1,SEDG
6/11/2018 16:00,52.9,2.69,19.66542751,227.1,SEDG
6/12/2018 16:00,51.65,2.69,19.20074349,227.1,SEDG
6/13/2018 16:00,51.55,2.69,19.16356877,227.1,SEDG
6/14/2018 16:00,51.2,2.69,19.03345725,227.1,SEDG
6/15/2018 16:00,47.45,2.69,17.6394052,227.1,SEDG
6/18/2018 16:00,47.7,2.69,17.73234201,227.1,SEDG
6/19/2018 16:00,49.25,2.69,18.30855019,227.1,SEDG
6/20/2018 16:00,50.95,2.69,18.94052045,227.1,SEDG
6/21/2018 16:00,50.25,2.69,18.6802974,227.1,SEDG
6/22/2018 16:00,50.05,2.69,18.60594796,227.1,SEDG
6/25/2018 16:00,49.2,2.69,18.28996283,227.1,SEDG
6/26/2018 16:00,48.1,2.69,17.88104089,227.1,SEDG
6/27/2018 16:00,46.45,2.69,17.26765799,227.1,SEDG
6/28/2018 16:00,49.5,2.69,18.40148699,227.1,SEDG
6/29/2018 16:00,47.85,2.69,17.78810409,227.1,SEDG
7/2/2018 16:00,50.8,2.69,18.88475836,236.6,SEDG
7/3/2018 13:00,49.95,2.69,18.56877323,236.6,SEDG
7/5/2018 16:00,51.2,2.69,19.03345725,236.6,SEDG
7/6/2018 16:00,53.65,2.69,19.94423792,236.6,SEDG
7/9/2018 16:00,54.3,2.69,20.18587361,236.6,SEDG
7/10/2018 16:00,53,2.69,19.70260223,236.6,SEDG
7/11/2018 16:00,51.9,2.69,19.2936803,236.6,SEDG
7/12/2018 16:00,52.9,2.69,19.66542751,236.6,SEDG
7/13/2018 16:00,54.4,2.69,20.22304833,236.6,SEDG
7/16/2018 16:00,54.4,2.69,20.22304833,236.6,SEDG
7/17/2018 16:00,54.9,2.69,20.40892193,236.6,SEDG
7/18/2018 16:00,54.3,2.69,20.18587361,236.6,SEDG
7/19/2018 16:00,54.3,2.69,20.18587361,236.6,SEDG
7/20/2018 16:00,53.65,2.69,19.94423792,236.6,SEDG
7/23/2018 16:00,54,2.69,20.07434944,236.6,SEDG
7/24/2018 16:00,53.55,2.69,19.9070632,236.6,SEDG
7/25/2018 16:00,57.85,2.69,21.50557621,236.6,SEDG
7/26/2018 16:00,54.95,2.69,20.42750929,236.6,SEDG
7/27/2018 16:00,53.95,2.69,20.05576208,236.6,SEDG
7/30/2018 16:00,53,2.69,19.70260223,236.6,SEDG
7/31/2018 16:00,53.25,2.69,19.79553903,236.6,SEDG
8/1/2018 16:00,56.25,2.69,20.91078067,236.6,SEDG
8/2/2018 16:00,56.3,2.69,20.92936803,236.6,SEDG
8/3/2018 16:00,48.45,2.69,18.01115242,236.6,SEDG
8/6/2018 16:00,49.65,2.69,18.45724907,236.6,SEDG
8/7/2018 16:00,46.95,2.69,17.4535316,236.6,SEDG
8/8/2018 16:00,48.15,2.69,17.89962825,236.6,SEDG
8/9/2018 16:00,46.85,2.69,17.41635688,236.6,SEDG
8/10/2018 16:00,46.25,2.69,17.19330855,236.6,SEDG
8/13/2018 16:00,45.85,2.69,17.04460967,236.6,SEDG
8/14/2018 16:00,45.75,2.69,17.00743494,236.6,SEDG
8/15/2018 16:00,44.9,2.69,16.69144981,236.6,SEDG
8/16/2018 16:00,45.9,2.69,17.06319703,236.6,SEDG
8/17/2018 16:00,45.65,2.69,16.97026022,236.6,SEDG
8/20/2018 16:00,47,2.69,17.47211896,236.6,SEDG
8/21/2018 16:00,47.35,2.69,17.60223048,236.6,SEDG
8/22/2018 16:00,47.15,2.69,17.52788104,236.6,SEDG
8/23/2018 16:00,47.1,2.69,17.50929368,236.6,SEDG
8/24/2018 16:00,47.78,2.69,17.76208178,236.6,SEDG
8/27/2018 16:00,47.2,2.69,17.5464684,236.6,SEDG
8/28/2018 16:00,47.85,2.69,17.78810409,236.6,SEDG
8/29/2018 16:00,48.1,2.69,17.88104089,236.6,SEDG
8/30/2018 16:00,47.9,2.69,17.80669145,236.6,SEDG
8/31/2018 16:00,47.95,2.69,17.82527881,236.6,SEDG
9/4/2018 16:00,47.9,2.69,17.80669145,236.6,SEDG
9/5/2018 16:00,47.3,2.69,17.58364312,236.6,SEDG
9/6/2018 16:00,45.55,2.69,16.9330855,236.6,SEDG
9/7/2018 16:00,42.7,2.69,15.87360595,236.6,SEDG
9/10/2018 16:00,42.25,2.69,15.7063197,236.6,SEDG
9/11/2018 16:00,43.05,2.69,16.00371747,236.6,SEDG
9/12/2018 16:00,43.3,2.69,16.09665428,236.6,SEDG
9/13/2018 16:00,43.75,2.69,16.26394052,236.6,SEDG
9/14/2018 16:00,42.15,2.69,15.66914498,236.6,SEDG
9/17/2018 16:00,42.1,2.69,15.65055762,236.6,SEDG
9/18/2018 16:00,42.05,2.69,15.63197026,236.6,SEDG
9/19/2018 16:00,40.75,2.69,15.14869888,236.6,SEDG
9/20/2018 16:00,42.75,2.69,15.89219331,236.6,SEDG
9/21/2018 16:00,42.6,2.69,15.83643123,236.6,SEDG
9/24/2018 16:00,42.4,2.69,15.76208178,236.6,SEDG
9/25/2018 16:00,40.8,2.69,15.16728625,236.6,SEDG
9/26/2018 16:00,39.95,2.69,14.85130112,236.6,SEDG
9/27/2018 16:00,38,2.69,14.12639405,236.6,SEDG
9/28/2018 16:00,37.65,2.69,13.99628253,236.6,SEDG
10/1/2018 16:00,37.9,2.69,14.08921933,263.7,SEDG
10/2/2018 16:00,40.3,2.69,14.98141264,263.7,SEDG
10/3/2018 16:00,39.68,2.69,14.75092937,263.7,SEDG
10/4/2018 16:00,39.05,2.69,14.51672862,263.7,SEDG
10/5/2018 16:00,37.98,2.69,14.11895911,263.7,SEDG
10/8/2018 16:00,39.53,2.69,14.69516729,263.7,SEDG
10/9/2018 16:00,38.8,2.69,14.42379182,263.7,SEDG
10/10/2018 16:00,37.77,2.69,14.04089219,263.7,SEDG
10/11/2018 16:00,37.03,2.69,13.76579926,263.7,SEDG
10/12/2018 16:00,39.39,2.69,14.64312268,263.7,SEDG
10/15/2018 16:00,40.52,2.69,15.06319703,263.7,SEDG
10/16/2018 16:00,42.26,2.69,15.71003717,263.7,SEDG
10/17/2018 16:00,41.79,2.69,15.53531599,263.7,SEDG
10/18/2018 16:00,40.14,2.69,14.92193309,263.7,SEDG
10/19/2018 16:00,40.27,2.69,14.97026022,263.7,SEDG
10/22/2018 16:00,40.51,2.69,15.05947955,263.7,SEDG
10/23/2018 16:00,39.84,2.69,14.81040892,263.7,SEDG
10/24/2018 16:00,36.71,2.69,13.64684015,263.7,SEDG
10/25/2018 16:00,36.63,2.69,13.61710037,263.7,SEDG
10/26/2018 16:00,36.67,2.69,13.63197026,263.7,SEDG
10/29/2018 16:00,37.24,2.69,13.84386617,263.7,SEDG
10/30/2018 16:00,38.01,2.69,14.13011152,263.7,SEDG
10/31/2018 16:00,38.73,2.69,14.39776952,263.7,SEDG
11/1/2018 16:00,41.03,2.69,15.2527881,263.7,SEDG
11/2/2018 16:00,37.75,2.69,14.03345725,263.7,SEDG
11/5/2018 16:00,39.1,2.69,14.53531599,263.7,SEDG
11/6/2018 16:00,37.62,2.69,13.98513011,263.7,SEDG
11/7/2018 16:00,38.75,2.69,14.40520446,263.7,SEDG
11/8/2018 16:00,37.76,2.69,14.03717472,263.7,SEDG
11/9/2018 16:00,37.43,2.69,13.91449814,263.7,SEDG
11/12/2018 16:00,35.19,2.69,13.08178439,263.7,SEDG
11/13/2018 16:00,36.28,2.69,13.48698885,263.7,SEDG
11/14/2018 16:00,37.43,2.69,13.91449814,263.7,SEDG
11/15/2018 16:00,38.24,2.69,14.21561338,263.7,SEDG
11/16/2018 16:00,38.6,2.69,14.34944238,263.7,SEDG
11/19/2018 16:00,38.51,2.69,14.31598513,263.7,SEDG
11/20/2018 16:00,37.29,2.69,13.86245353,263.7,SEDG
11/21/2018 16:00,38.08,2.69,14.15613383,263.7,SEDG
11/23/2018 13:00,39.98,2.69,14.86245353,263.7,SEDG
11/26/2018 16:00,40.02,2.69,14.87732342,263.7,SEDG
11/27/2018 16:00,39.59,2.69,14.71747212,263.7,SEDG
11/28/2018 16:00,42.61,2.69,15.8401487,263.7,SEDG
11/29/2018 16:00,41.88,2.69,15.56877323,263.7,SEDG
11/30/2018 16:00,38.93,2.69,14.47211896,263.7,SEDG
12/3/2018 16:00,39.9,2.69,14.83271375,263.7,SEDG
12/4/2018 16:00,38.54,2.69,14.32713755,263.7,SEDG
12/6/2018 16:00,40.38,2.69,15.01115242,263.7,SEDG
12/7/2018 16:00,38.03,2.69,14.13754647,263.7,SEDG
12/10/2018 16:00,38.73,2.69,14.39776952,263.7,SEDG
12/11/2018 16:00,38.95,2.69,14.4795539,263.7,SEDG
12/12/2018 16:00,38.76,2.69,14.40892193,263.7,SEDG
12/13/2018 16:00,38.53,2.69,14.32342007,263.7,SEDG
12/14/2018 16:00,38.33,2.69,14.24907063,263.7,SEDG
12/17/2018 16:00,37.41,2.69,13.9070632,263.7,SEDG
12/18/2018 16:00,36.74,2.69,13.65799257,263.7,SEDG
12/19/2018 16:00,36.13,2.69,13.43122677,263.7,SEDG
12/20/2018 16:00,35.16,2.69,13.07063197,263.7,SEDG
12/21/2018 16:00,34.46,2.69,12.81040892,263.7,SEDG
12/24/2018 13:00,33.41,2.69,12.42007435,263.7,SEDG
12/26/2018 16:00,35.29,2.69,13.11895911,263.7,SEDG
12/27/2018 16:00,34.98,2.69,13.00371747,263.7,SEDG
12/28/2018 16:00,34.87,2.69,12.96282528,263.7,SEDG
12/31/2018 16:00,35.1,2.69,13.04832714,263.7,SEDG
1/2/2019 16:00,36.15,2.9,12.46551724,271.9,SEDG
1/3/2019 16:00,35.5,2.9,12.24137931,271.9,SEDG
1/4/2019 16:00,37.25,2.9,12.84482759,271.9,SEDG
1/7/2019 16:00,35.01,2.9,12.07241379,271.9,SEDG
1/8/2019 16:00,35,2.9,12.06896552,271.9,SEDG
1/9/2019 16:00,35.46,2.9,12.22758621,271.9,SEDG
1/10/2019 16:00,35.99,2.9,12.41034483,271.9,SEDG
1/11/2019 16:00,36.4,2.9,12.55172414,271.9,SEDG
1/14/2019 16:00,36.5,2.9,12.5862069,271.9,SEDG
1/15/2019 16:00,36.69,2.9,12.65172414,271.9,SEDG
1/16/2019 16:00,37.35,2.9,12.87931034,271.9,SEDG
1/17/2019 16:00,37.57,2.9,12.95517241,271.9,SEDG
1/18/2019 16:00,37.18,2.9,12.82068966,271.9,SEDG
1/22/2019 16:00,36.96,2.9,12.74482759,271.9,SEDG
1/23/2019 16:00,38.03,2.9,13.1137931,271.9,SEDG
1/24/2019 16:00,40.24,2.9,13.87586207,271.9,SEDG
1/25/2019 16:00,40.85,2.9,14.0862069,271.9,SEDG
1/28/2019 16:00,42.15,2.9,14.53448276,271.9,SEDG
1/29/2019 16:00,42,2.9,14.48275862,271.9,SEDG
1/30/2019 16:00,42.25,2.9,14.56896552,271.9,SEDG
1/31/2019 16:00,43.79,2.9,15.1,271.9,SEDG
2/1/2019 16:00,43.07,2.9,14.85172414,271.9,SEDG
2/4/2019 16:00,44.11,2.9,15.21034483,271.9,SEDG
2/5/2019 16:00,44.47,2.9,15.33448276,271.9,SEDG
2/6/2019 16:00,43.96,2.9,15.15862069,271.9,SEDG
2/7/2019 16:00,42.93,2.9,14.80344828,271.9,SEDG
2/8/2019 16:00,43.48,2.9,14.99310345,271.9,SEDG
2/11/2019 16:00,44.04,2.9,15.1862069,271.9,SEDG
2/12/2019 16:00,42.84,2.9,14.77241379,271.9,SEDG
2/13/2019 16:00,44.23,2.9,15.25172414,271.9,SEDG
2/14/2019 16:00,44.56,2.9,15.36551724,271.9,SEDG
2/15/2019 16:00,43.3,2.9,14.93103448,271.9,SEDG
2/19/2019 16:00,43.32,2.9,14.93793103,271.9,SEDG
2/20/2019 16:00,41.5,2.9,14.31034483,271.9,SEDG
2/21/2019 16:00,42.11,2.9,14.52068966,271.9,SEDG
2/22/2019 16:00,41.7,2.9,14.37931034,271.9,SEDG
2/25/2019 16:00,40.36,2.9,13.91724138,271.9,SEDG
2/26/2019 16:00,40.88,2.9,14.09655172,271.9,SEDG
2/27/2019 16:00,42.34,2.9,14.6,271.9,SEDG
2/28/2019 16:00,42.26,2.9,14.57241379,271.9,SEDG
3/1/2019 16:00,41.34,2.9,14.25517241,271.9,SEDG
3/4/2019 16:00,41.55,2.9,14.32758621,271.9,SEDG
3/5/2019 16:00,41.3,2.9,14.24137931,271.9,SEDG
3/6/2019 16:00,40.38,2.9,13.92413793,271.9,SEDG
3/7/2019 16:00,39.36,2.9,13.57241379,271.9,SEDG
3/8/2019 16:00,39.28,2.9,13.54482759,271.9,SEDG
3/11/2019 16:00,39.89,2.9,13.75517241,271.9,SEDG
3/12/2019 16:00,39.31,2.9,13.55517241,271.9,SEDG
3/13/2019 16:00,39.9,2.9,13.75862069,271.9,SEDG
3/14/2019 16:00,39.73,2.9,13.7,271.9,SEDG
3/15/2019 16:00,39.93,2.9,13.76896552,271.9,SEDG
3/18/2019 16:00,39.69,2.9,13.6862069,271.9,SEDG
3/19/2019 16:00,39.48,2.9,13.6137931,271.9,SEDG
3/20/2019 16:00,39.24,2.9,13.53103448,271.9,SEDG
3/21/2019 16:00,38.84,2.9,13.39310345,271.9,SEDG
3/22/2019 16:00,37.12,2.9,12.8,271.9,SEDG
3/25/2019 16:00,37.33,2.9,12.87241379,271.9,SEDG
3/26/2019 16:00,36.68,2.9,12.64827586,271.9,SEDG
3/27/2019 16:00,36.79,2.9,12.6862069,271.9,SEDG
3/28/2019 16:00,37.76,2.9,13.02068966,271.9,SEDG
3/29/2019 16:00,37.68,2.9,12.99310345,271.9,SEDG
4/1/2019 16:00,37.85,2.9,13.05172414,325,SEDG
4/2/2019 16:00,38.2,2.9,13.17241379,325,SEDG
4/3/2019 16:00,38.66,2.9,13.33103448,325,SEDG
4/4/2019 16:00,40.11,2.9,13.83103448,325,SEDG
4/5/2019 16:00,40.72,2.9,14.04137931,325,SEDG
4/8/2019 16:00,41.44,2.9,14.28965517,325,SEDG
4/9/2019 16:00,40.65,2.9,14.01724138,325,SEDG
4/10/2019 16:00,41.27,2.9,14.23103448,325,SEDG
4/11/2019 16:00,40.62,2.9,14.00689655,325,SEDG
4/12/2019 16:00,40.99,2.9,14.13448276,325,SEDG
4/15/2019 16:00,41.43,2.9,14.2862069,325,SEDG
4/16/2019 16:00,42.54,2.9,14.66896552,325,SEDG
4/17/2019 16:00,43.08,2.9,14.85517241,325,SEDG
4/18/2019 16:00,43.04,2.9,14.84137931,325,SEDG
4/22/2019 16:00,43.2,2.9,14.89655172,325,SEDG
4/23/2019 16:00,44.31,2.9,15.27931034,325,SEDG
4/24/2019 16:00,44.79,2.9,15.44482759,325,SEDG
4/25/2019 16:00,45.92,2.9,15.83448276,325,SEDG
4/26/2019 16:00,45.97,2.9,15.85172414,325,SEDG
4/29/2019 16:00,45.19,2.9,15.58275862,325,SEDG
4/30/2019 16:00,44.3,2.9,15.27586207,325,SEDG
5/1/2019 16:00,44.14,2.9,15.22068966,325,SEDG
5/2/2019 16:00,43.76,2.9,15.08965517,325,SEDG
5/3/2019 16:00,44.56,2.9,15.36551724,325,SEDG
5/6/2019 16:00,43.88,2.9,15.13103448,325,SEDG
5/7/2019 16:00,53.84,2.9,18.56551724,325,SEDG
5/8/2019 16:00,51.85,2.9,17.87931034,325,SEDG
5/9/2019 16:00,51.49,2.9,17.75517241,325,SEDG
5/10/2019 16:00,53.01,2.9,18.27931034,325,SEDG
5/13/2019 16:00,50,2.9,17.24137931,325,SEDG
5/14/2019 16:00,50.94,2.9,17.56551724,325,SEDG
5/15/2019 16:00,52.38,2.9,18.06206897,325,SEDG
5/16/2019 16:00,55.3,2.9,19.06896552,325,SEDG
5/17/2019 16:00,55.59,2.9,19.16896552,325,SEDG
5/20/2019 16:00,54.7,2.9,18.86206897,325,SEDG
5/21/2019 16:00,54.8,2.9,18.89655172,325,SEDG
5/22/2019 16:00,54.96,2.9,18.95172414,325,SEDG
5/23/2019 16:00,53.47,2.9,18.43793103,325,SEDG
5/24/2019 16:00,53.61,2.9,18.4862069,325,SEDG
5/28/2019 16:00,55.38,2.9,19.09655172,325,SEDG
5/29/2019 16:00,53.79,2.9,18.54827586,325,SEDG
5/30/2019 16:00,54.63,2.9,18.83793103,325,SEDG
5/31/2019 16:00,53.58,2.9,18.47586207,325,SEDG
6/3/2019 16:00,53.26,2.9,18.36551724,325,SEDG
6/4/2019 16:00,54.65,2.9,18.84482759,325,SEDG
6/5/2019 16:00,55.16,2.9,19.02068966,325,SEDG
6/6/2019 16:00,56.01,2.9,19.3137931,325,SEDG
6/7/2019 16:00,56.32,2.9,19.42068966,325,SEDG
6/10/2019 16:00,56.83,2.9,19.59655172,325,SEDG
6/11/2019 16:00,57,2.9,19.65517241,325,SEDG
6/12/2019 16:00,54.82,2.9,18.90344828,325,SEDG
6/13/2019 16:00,57.88,2.9,19.95862069,325,SEDG
6/14/2019 16:00,56.49,2.9,19.47931034,325,SEDG
6/17/2019 16:00,56.59,2.9,19.5137931,325,SEDG
6/18/2019 16:00,58.56,2.9,20.19310345,325,SEDG
6/19/2019 16:00,59.2,2.9,20.4137931,325,SEDG
6/20/2019 16:00,59.68,2.9,20.57931034,325,SEDG
6/21/2019 16:00,59.4,2.9,20.48275862,325,SEDG
6/24/2019 16:00,60.54,2.9,20.87586207,325,SEDG
6/25/2019 16:00,59.22,2.9,20.42068966,325,SEDG
6/26/2019 16:00,59.62,2.9,20.55862069,325,SEDG
6/27/2019 16:00,61.06,2.9,21.05517241,325,SEDG
6/28/2019 16:00,62.46,2.9,21.53793103,325,SEDG
7/1/2019 16:00,62.3,2.9,21.48275862,410.6,SEDG
7/2/2019 16:00,62.84,2.9,21.66896552,410.6,SEDG
7/3/2019 13:00,62.3,2.9,21.48275862,410.6,SEDG
7/5/2019 16:00,63.15,2.9,21.77586207,410.6,SEDG
7/8/2019 16:00,62.53,2.9,21.56206897,410.6,SEDG
7/9/2019 16:00,62.27,2.9,21.47241379,410.6,SEDG
7/10/2019 16:00,62.29,2.9,21.47931034,410.6,SEDG
7/11/2019 16:00,60.76,2.9,20.95172414,410.6,SEDG
7/12/2019 16:00,62.12,2.9,21.42068966,410.6,SEDG
7/15/2019 16:00,61.83,2.9,21.32068966,410.6,SEDG
7/16/2019 16:00,61.4,2.9,21.17241379,410.6,SEDG
7/17/2019 16:00,62.36,2.9,21.50344828,410.6,SEDG
7/18/2019 16:00,62.64,2.9,21.6,410.6,SEDG
7/19/2019 16:00,63.37,2.9,21.85172414,410.6,SEDG
7/22/2019 16:00,63.06,2.9,21.74482759,410.6,SEDG
7/23/2019 16:00,62.45,2.9,21.53448276,410.6,SEDG
7/24/2019 16:00,62.5,2.9,21.55172414,410.6,SEDG
7/25/2019 16:00,63.08,2.9,21.75172414,410.6,SEDG
7/26/2019 16:00,63.26,2.9,21.8137931,410.6,SEDG
7/29/2019 16:00,64.33,2.9,22.18275862,410.6,SEDG
7/30/2019 16:00,63.4,2.9,21.86206897,410.6,SEDG
7/31/2019 16:00,65.23,2.9,22.49310345,410.6,SEDG
8/1/2019 16:00,66.49,2.9,22.92758621,410.6,SEDG
8/2/2019 16:00,64.98,2.9,22.40689655,410.6,SEDG
8/5/2019 16:00,62.91,2.9,21.69310345,410.6,SEDG
8/6/2019 16:00,64.18,2.9,22.13103448,410.6,SEDG
8/7/2019 16:00,80.3,2.9,27.68965517,410.6,SEDG
8/8/2019 16:00,80.82,2.9,27.86896552,410.6,SEDG
8/9/2019 16:00,82.33,2.9,28.38965517,410.6,SEDG
8/12/2019 16:00,86.63,2.9,29.87241379,410.6,SEDG
8/13/2019 16:00,87.78,2.9,30.26896552,410.6,SEDG
8/14/2019 16:00,84.69,2.9,29.20344828,410.6,SEDG
8/15/2019 16:00,82.08,2.9,28.30344828,410.6,SEDG
8/16/2019 16:00,83.8,2.9,28.89655172,410.6,SEDG
8/19/2019 16:00,84.12,2.9,29.00689655,410.6,SEDG
8/20/2019 16:00,84.71,2.9,29.21034483,410.6,SEDG
8/21/2019 16:00,87.85,2.9,30.29310345,410.6,SEDG
8/22/2019 16:00,82.04,2.9,28.28965517,410.6,SEDG
8/23/2019 16:00,80.9,2.9,27.89655172,410.6,SEDG
8/26/2019 16:00,82.38,2.9,28.40689655,410.6,SEDG
8/27/2019 16:00,81.84,2.9,28.22068966,410.6,SEDG
8/28/2019 16:00,82.64,2.9,28.49655172,410.6,SEDG
8/29/2019 16:00,83.36,2.9,28.74482759,410.6,SEDG
8/30/2019 16:00,81.92,2.9,28.24827586,410.6,SEDG
9/3/2019 16:00,77.54,2.9,26.73793103,410.6,SEDG
9/4/2019 16:00,82.89,2.9,28.58275862,410.6,SEDG
9/5/2019 16:00,78.6,2.9,27.10344828,410.6,SEDG
9/6/2019 16:00,77.26,2.9,26.64137931,410.6,SEDG
9/9/2019 16:00,74.16,2.9,25.57241379,410.6,SEDG
9/10/2019 16:00,75.12,2.9,25.90344828,410.6,SEDG
9/11/2019 16:00,79.43,2.9,27.38965517,410.6,SEDG
9/12/2019 16:00,71.64,2.9,24.70344828,410.6,SEDG
9/13/2019 16:00,76.12,2.9,26.24827586,410.6,SEDG
9/16/2019 16:00,79.31,2.9,27.34827586,410.6,SEDG
9/17/2019 16:00,83.06,2.9,28.64137931,410.6,SEDG
9/18/2019 16:00,83.04,2.9,28.63448276,410.6,SEDG
9/19/2019 16:00,89.42,2.9,30.83448276,410.6,SEDG
9/20/2019 16:00,89.41,2.9,30.83103448,410.6,SEDG
9/23/2019 16:00,89.87,2.9,30.98965517,410.6,SEDG
9/24/2019 16:00,86.76,2.9,29.91724138,410.6,SEDG
9/25/2019 16:00,88.3,2.9,30.44827586,410.6,SEDG
9/26/2019 16:00,85.35,2.9,29.43103448,410.6,SEDG
9/27/2019 16:00,82.08,2.9,28.30344828,410.6,SEDG
9/30/2019 16:00,83.72,2.9,28.86896552,410.6,SEDG
10/1/2019 16:00,83.15,2.9,28.67241379,418.2,SEDG
10/2/2019 16:00,81.12,2.9,27.97241379,418.2,SEDG
10/3/2019 16:00,81,2.9,27.93103448,418.2,SEDG
10/4/2019 16:00,85.5,2.9,29.48275862,418.2,SEDG
10/7/2019 16:00,85.51,2.9,29.4862069,418.2,SEDG
10/8/2019 16:00,87.22,2.9,30.07586207,418.2,SEDG
10/9/2019 16:00,85.55,2.9,29.5,418.2,SEDG
10/10/2019 16:00,88.39,2.9,30.47931034,418.2,SEDG
10/11/2019 16:00,88.95,2.9,30.67241379,418.2,SEDG
10/14/2019 16:00,89.11,2.9,30.72758621,418.2,SEDG
10/15/2019 16:00,84.8,2.9,29.24137931,418.2,SEDG
10/16/2019 16:00,83.88,2.9,28.92413793,418.2,SEDG
10/17/2019 16:00,83.62,2.9,28.83448276,418.2,SEDG
10/18/2019 16:00,85.17,2.9,29.36896552,418.2,SEDG
10/21/2019 16:00,87.27,2.9,30.09310345,418.2,SEDG
10/22/2019 16:00,86.81,2.9,29.93448276,418.2,SEDG
10/23/2019 16:00,91.5,2.9,31.55172414,418.2,SEDG
10/24/2019 16:00,93.5,2.9,32.24137931,418.2,SEDG
10/25/2019 16:00,93.2,2.9,32.13793103,418.2,SEDG
10/28/2019 16:00,93.32,2.9,32.17931034,418.2,SEDG
10/29/2019 16:00,92.08,2.9,31.75172414,418.2,SEDG
10/30/2019 16:00,84.82,2.9,29.24827586,418.2,SEDG
10/31/2019 16:00,84.96,2.9,29.29655172,418.2,SEDG
11/1/2019 16:00,83.19,2.9,28.6862069,418.2,SEDG
11/4/2019 16:00,79.6,2.9,27.44827586,418.2,SEDG
11/5/2019 16:00,83.27,2.9,28.7137931,418.2,SEDG
11/6/2019 16:00,79.91,2.9,27.55517241,418.2,SEDG
11/7/2019 16:00,79.9,2.9,27.55172414,418.2,SEDG
11/8/2019 16:00,77.95,2.9,26.87931034,418.2,SEDG
11/11/2019 16:00,81.07,2.9,27.95517241,418.2,SEDG
11/12/2019 16:00,80.75,2.9,27.84482759,418.2,SEDG
11/13/2019 16:00,77.28,2.9,26.64827586,418.2,SEDG
11/14/2019 16:00,78.24,2.9,26.97931034,418.2,SEDG
11/15/2019 16:00,78.96,2.9,27.22758621,418.2,SEDG
11/18/2019 16:00,76.79,2.9,26.47931034,418.2,SEDG
11/19/2019 16:00,79.02,2.9,27.24827586,418.2,SEDG
11/20/2019 16:00,78.31,2.9,27.00344828,418.2,SEDG
11/21/2019 16:00,76.98,2.9,26.54482759,418.2,SEDG
11/22/2019 16:00,76.37,2.9,26.33448276,418.2,SEDG
11/25/2019 16:00,80.16,2.9,27.64137931,418.2,SEDG
11/26/2019 16:00,78.91,2.9,27.21034483,418.2,SEDG
11/27/2019 16:00,82.39,2.9,28.41034483,418.2,SEDG
11/29/2019 13:00,81.61,2.9,28.14137931,418.2,SEDG
12/2/2019 16:00,81.72,2.9,28.17931034,418.2,SEDG
12/3/2019 16:00,88.04,2.9,30.35862069,418.2,SEDG
12/4/2019 16:00,86.54,2.9,29.84137931,418.2,SEDG
12/5/2019 16:00,82.89,2.9,28.58275862,418.2,SEDG
12/6/2019 16:00,83.93,2.9,28.94137931,418.2,SEDG
12/9/2019 16:00,82.84,2.9,28.56551724,418.2,SEDG
12/10/2019 16:00,81.48,2.9,28.09655172,418.2,SEDG
12/11/2019 16:00,83.51,2.9,28.79655172,418.2,SEDG
12/12/2019 16:00,87.3,2.9,30.10344828,418.2,SEDG
12/13/2019 16:00,90.17,2.9,31.09310345,418.2,SEDG
12/16/2019 16:00,92.79,2.9,31.99655172,418.2,SEDG
12/17/2019 16:00,91.44,2.9,31.53103448,418.2,SEDG
12/18/2019 16:00,91.86,2.9,31.67586207,418.2,SEDG
12/19/2019 16:00,93.78,2.9,32.33793103,418.2,SEDG
12/20/2019 16:00,95,2.9,32.75862069,418.2,SEDG
12/23/2019 16:00,94.18,2.9,32.47586207,418.2,SEDG
12/24/2019 13:00,95.2,2.9,32.82758621,418.2,SEDG
12/26/2019 16:00,95.56,2.9,32.95172414,418.2,SEDG
12/27/2019 16:00,94.26,2.9,32.50344828,418.2,SEDG
12/30/2019 16:00,94,2.9,32.4137931,418.2,SEDG
12/31/2019 16:00,95.09,2.9,32.78965517,418.2,SEDG
1/2/2020 16:00,101.81,2.66,38.27443609,431.2,SEDG
1/3/2020 16:00,102.38,2.66,38.4887218,431.2,SEDG
1/6/2020 16:00,99.63,2.66,37.45488722,431.2,SEDG
1/7/2020 16:00,101.79,2.66,38.26691729,431.2,SEDG
1/8/2020 16:00,104.16,2.66,39.15789474,431.2,SEDG
1/9/2020 16:00,102.74,2.66,38.62406015,431.2,SEDG
1/10/2020 16:00,104.52,2.66,39.29323308,431.2,SEDG
1/13/2020 16:00,103.08,2.66,38.7518797,431.2,SEDG
1/14/2020 16:00,104.02,2.66,39.10526316,431.2,SEDG
1/15/2020 16:00,103.61,2.66,38.95112782,431.2,SEDG
1/16/2020 16:00,102.7,2.66,38.60902256,431.2,SEDG
1/17/2020 16:00,104.75,2.66,39.37969925,431.2,SEDG
1/21/2020 16:00,107.53,2.66,40.42481203,431.2,SEDG
1/22/2020 16:00,108.46,2.66,40.77443609,431.2,SEDG
1/23/2020 16:00,108.73,2.66,40.87593985,431.2,SEDG
1/24/2020 16:00,110.13,2.66,41.40225564,431.2,SEDG
1/27/2020 16:00,96.25,2.66,36.18421053,431.2,SEDG
1/28/2020 16:00,103.36,2.66,38.85714286,431.2,SEDG
1/29/2020 16:00,102.71,2.66,38.61278195,431.2,SEDG
1/30/2020 16:00,103.22,2.66,38.80451128,431.2,SEDG
1/31/2020 16:00,97.86,2.66,36.78947368,431.2,SEDG
2/3/2020 16:00,100.98,2.66,37.96240602,431.2,SEDG
2/4/2020 16:00,107.81,2.66,40.53007519,431.2,SEDG
2/5/2020 16:00,104.47,2.66,39.27443609,431.2,SEDG
2/6/2020 16:00,103.94,2.66,39.07518797,431.2,SEDG
2/7/2020 16:00,100.62,2.66,37.82706767,431.2,SEDG
2/10/2020 16:00,102.6,2.66,38.57142857,431.2,SEDG
2/11/2020 16:00,106.03,2.66,39.86090226,431.2,SEDG
2/12/2020 16:00,111.86,2.66,42.05263158,431.2,SEDG
2/13/2020 16:00,111.16,2.66,41.78947368,431.2,SEDG
2/14/2020 16:00,111.21,2.66,41.80827068,431.2,SEDG
2/18/2020 16:00,108.38,2.66,40.7443609,431.2,SEDG
2/19/2020 16:00,127.82,2.66,48.05263158,431.2,SEDG
2/20/2020 16:00,142.2,2.66,53.45864662,431.2,SEDG
2/21/2020 16:00,142.07,2.66,53.40977444,431.2,SEDG
2/24/2020 16:00,135.63,2.66,50.9887218,431.2,SEDG
2/25/2020 16:00,133,2.66,50,431.2,SEDG
2/26/2020 16:00,132.41,2.66,49.77819549,431.2,SEDG
2/27/2020 16:00,125.95,2.66,47.34962406,431.2,SEDG
2/28/2020 16:00,124.72,2.66,46.88721805,431.2,SEDG
3/2/2020 16:00,128.7,2.66,48.38345865,431.2,SEDG
3/3/2020 16:00,128.66,2.66,48.36842105,431.2,SEDG
3/4/2020 16:00,135.71,2.66,51.01879699,431.2,SEDG
3/5/2020 16:00,137.54,2.66,51.70676692,431.2,SEDG
3/6/2020 16:00,133.34,2.66,50.12781955,431.2,SEDG
3/9/2020 16:00,111.66,2.66,41.97744361,431.2,SEDG
3/10/2020 16:00,116.92,2.66,43.95488722,431.2,SEDG
3/11/2020 16:00,106.11,2.66,39.89097744,431.2,SEDG
3/12/2020 16:00,90.72,2.66,34.10526316,431.2,SEDG
3/13/2020 16:00,91.11,2.66,34.2518797,431.2,SEDG
3/16/2020 16:00,81.19,2.66,30.52255639,431.2,SEDG
3/17/2020 16:00,84.71,2.66,31.84586466,431.2,SEDG
3/18/2020 16:00,76.73,2.66,28.84586466,431.2,SEDG
3/19/2020 16:00,76.81,2.66,28.87593985,431.2,SEDG
3/20/2020 16:00,69.61,2.66,26.16917293,431.2,SEDG
3/23/2020 16:00,69.48,2.66,26.12030075,431.2,SEDG
3/24/2020 16:00,85.31,2.66,32.07142857,431.2,SEDG
3/25/2020 16:00,89.9,2.66,33.79699248,431.2,SEDG
3/26/2020 16:00,90.45,2.66,34.0037594,431.2,SEDG
3/27/2020 16:00,82.37,2.66,30.96616541,431.2,SEDG
3/30/2020 16:00,81.64,2.66,30.69172932,431.2,SEDG
3/31/2020 16:00,81.88,2.66,30.78195489,431.2,SEDG
4/1/2020 16:00,78.82,2.66,29.63157895,331.9,SEDG
4/2/2020 16:00,76.97,2.66,28.93609023,331.9,SEDG
4/3/2020 16:00,74.48,2.66,28,331.9,SEDG
4/6/2020 16:00,85.15,2.66,32.0112782,331.9,SEDG
4/7/2020 16:00,88.8,2.66,33.38345865,331.9,SEDG
4/8/2020 16:00,93.07,2.66,34.9887218,331.9,SEDG
4/9/2020 16:00,96.64,2.66,36.33082707,331.9,SEDG
4/13/2020 16:00,92.21,2.66,34.66541353,331.9,SEDG
4/14/2020 16:00,98.68,2.66,37.09774436,331.9,SEDG
4/15/2020 16:00,92.01,2.66,34.59022556,331.9,SEDG
4/16/2020 16:00,94.99,2.66,35.71052632,331.9,SEDG
4/17/2020 16:00,97.1,2.66,36.5037594,331.9,SEDG
4/20/2020 16:00,93.66,2.66,35.21052632,331.9,SEDG
4/21/2020 16:00,86.69,2.66,32.59022556,331.9,SEDG
4/22/2020 16:00,95.51,2.66,35.90601504,331.9,SEDG
4/23/2020 16:00,100.7,2.66,37.85714286,331.9,SEDG
4/24/2020 16:00,100.73,2.66,37.86842105,331.9,SEDG
4/27/2020 16:00,104.69,2.66,39.35714286,331.9,SEDG
4/28/2020 16:00,109.79,2.66,41.27443609,331.9,SEDG
4/29/2020 16:00,122.42,2.66,46.02255639,331.9,SEDG
4/30/2020 16:00,111.59,2.66,41.95112782,331.9,SEDG
5/1/2020 16:00,104.96,2.66,39.45864662,331.9,SEDG
5/4/2020 16:00,107.14,2.66,40.27819549,331.9,SEDG
5/5/2020 16:00,107.86,2.66,40.54887218,331.9,SEDG
5/6/2020 16:00,125.75,2.66,47.27443609,331.9,SEDG
5/7/2020 16:00,109.74,2.66,41.2556391,331.9,SEDG
5/8/2020 16:00,118.32,2.66,44.48120301,331.9,SEDG
5/11/2020 16:00,122.94,2.66,46.21804511,331.9,SEDG
5/12/2020 16:00,121,2.66,45.4887218,331.9,SEDG
5/13/2020 16:00,117.73,2.66,44.2593985,331.9,SEDG
5/14/2020 16:00,119.48,2.66,44.91729323,331.9,SEDG
5/15/2020 16:00,120.44,2.66,45.27819549,331.9,SEDG
5/18/2020 16:00,128,2.66,48.12030075,331.9,SEDG
5/19/2020 16:00,134.86,2.66,50.69924812,331.9,SEDG
5/20/2020 16:00,137.25,2.66,51.59774436,331.9,SEDG
5/21/2020 16:00,136.51,2.66,51.31954887,331.9,SEDG
5/22/2020 16:00,130.39,2.66,49.01879699,331.9,SEDG
5/26/2020 16:00,136.54,2.66,51.33082707,331.9,SEDG
5/27/2020 16:00,137.24,2.66,51.59398496,331.9,SEDG
5/28/2020 16:00,135.29,2.66,50.86090226,331.9,SEDG
5/29/2020 16:00,141.9,2.66,53.34586466,331.9,SEDG
6/1/2020 16:00,150.7,2.66,56.65413534,331.9,SEDG
6/2/2020 16:00,148.97,2.66,56.0037594,331.9,SEDG
6/3/2020 16:00,150.59,2.66,56.61278195,331.9,SEDG
6/4/2020 16:00,142.4,2.66,53.53383459,331.9,SEDG
6/5/2020 16:00,148.28,2.66,55.7443609,331.9,SEDG
6/8/2020 16:00,150.89,2.66,56.72556391,331.9,SEDG
6/9/2020 16:00,148.84,2.66,55.95488722,331.9,SEDG
6/10/2020 16:00,147.37,2.66,55.40225564,331.9,SEDG
6/11/2020 16:00,138.69,2.66,52.13909774,331.9,SEDG
6/12/2020 16:00,142.05,2.66,53.40225564,331.9,SEDG
6/15/2020 16:00,148.2,2.66,55.71428571,331.9,SEDG
6/16/2020 16:00,153.1,2.66,57.55639098,331.9,SEDG
6/17/2020 16:00,145.27,2.66,54.61278195,331.9,SEDG
6/18/2020 16:00,151,2.66,56.76691729,331.9,SEDG
6/19/2020 16:00,153.6,2.66,57.7443609,331.9,SEDG
6/22/2020 16:00,152.98,2.66,57.5112782,331.9,SEDG
6/23/2020 16:00,151.34,2.66,56.89473684,331.9,SEDG
6/24/2020 16:00,148.48,2.66,55.81954887,331.9,SEDG
6/25/2020 16:00,137.18,2.66,51.57142857,331.9,SEDG
6/26/2020 16:00,129.53,2.66,48.69548872,331.9,SEDG
6/29/2020 16:00,137.06,2.66,51.52631579,331.9,SEDG
6/30/2020 16:00,138.78,2.66,52.17293233,331.9,SEDG
7/1/2020 16:00,141.39,2.66,53.15413534,338.1,SEDG
7/2/2020 16:00,143.11,2.66,53.80075188,338.1,SEDG
7/6/2020 16:00,148.88,2.66,55.96992481,338.1,SEDG
7/7/2020 16:00,146.57,2.66,55.10150376,338.1,SEDG
7/8/2020 16:00,157.92,2.66,59.36842105,338.1,SEDG
7/9/2020 16:00,157.18,2.66,59.09022556,338.1,SEDG
7/10/2020 16:00,159.44,2.66,59.93984962,338.1,SEDG
7/13/2020 16:00,154.68,2.66,58.15037594,338.1,SEDG
7/14/2020 16:00,168.2,2.66,63.23308271,338.1,SEDG
7/15/2020 16:00,174.85,2.66,65.73308271,338.1,SEDG
7/16/2020 16:00,164.75,2.66,61.93609023,338.1,SEDG
7/17/2020 16:00,171.58,2.66,64.5037594,338.1,SEDG
7/20/2020 16:00,176.3,2.66,66.27819549,338.1,SEDG
7/21/2020 16:00,170.38,2.66,64.05263158,338.1,SEDG
7/22/2020 16:00,175.65,2.66,66.03383459,338.1,SEDG
7/23/2020 16:00,176.29,2.66,66.27443609,338.1,SEDG
7/24/2020 16:00,171.6,2.66,64.5112782,338.1,SEDG
7/27/2020 16:00,180.74,2.66,67.94736842,338.1,SEDG
7/28/2020 16:00,170.54,2.66,64.11278195,338.1,SEDG
7/29/2020 16:00,176.76,2.66,66.45112782,338.1,SEDG
7/30/2020 16:00,175.26,2.66,65.88721805,338.1,SEDG
7/31/2020 16:00,175.1,2.66,65.82706767,338.1,SEDG
8/3/2020 16:00,173.56,2.66,65.2481203,338.1,SEDG
8/4/2020 16:00,196.15,2.66,73.7406015,338.1,SEDG
8/5/2020 16:00,216.06,2.66,81.22556391,338.1,SEDG
8/6/2020 16:00,206.32,2.66,77.56390977,338.1,SEDG
8/7/2020 16:00,211.47,2.66,79.5,338.1,SEDG
8/10/2020 16:00,211.5,2.66,79.5112782,338.1,SEDG
8/11/2020 16:00,204.08,2.66,76.72180451,338.1,SEDG
8/12/2020 16:00,215.18,2.66,80.89473684,338.1,SEDG
8/13/2020 16:00,225.18,2.66,84.65413534,338.1,SEDG
8/14/2020 16:00,219.21,2.66,82.40977444,338.1,SEDG
8/17/2020 16:00,219.33,2.66,82.45488722,338.1,SEDG
8/18/2020 16:00,219.02,2.66,82.33834586,338.1,SEDG
8/19/2020 16:00,220.71,2.66,82.97368421,338.1,SEDG
8/20/2020 16:00,217.2,2.66,81.65413534,338.1,SEDG
8/21/2020 16:00,213.29,2.66,80.18421053,338.1,SEDG
8/24/2020 16:00,210.84,2.66,79.26315789,338.1,SEDG
8/25/2020 16:00,213.16,2.66,80.13533835,338.1,SEDG
8/26/2020 16:00,214.92,2.66,80.79699248,338.1,SEDG
8/27/2020 16:00,210.44,2.66,79.11278195,338.1,SEDG
8/28/2020 16:00,221.19,2.66,83.15413534,338.1,SEDG
8/31/2020 16:00,221.15,2.66,83.13909774,338.1,SEDG
9/1/2020 16:00,223.76,2.66,84.12030075,338.1,SEDG
9/2/2020 16:00,220.33,2.66,82.83082707,338.1,SEDG
9/3/2020 16:00,195.45,2.66,73.47744361,338.1,SEDG
9/4/2020 16:00,194.61,2.66,73.16165414,338.1,SEDG
9/8/2020 16:00,189.05,2.66,71.07142857,338.1,SEDG
9/9/2020 16:00,193.56,2.66,72.76691729,338.1,SEDG
9/10/2020 16:00,187,2.66,70.30075188,338.1,SEDG
9/11/2020 16:00,183.96,2.66,69.15789474,338.1,SEDG
9/14/2020 16:00,196.12,2.66,73.72932331,338.1,SEDG
9/15/2020 16:00,199,2.66,74.81203008,338.1,SEDG
9/16/2020 16:00,201.76,2.66,75.84962406,338.1,SEDG
9/17/2020 16:00,187.03,2.66,70.31203008,338.1,SEDG
9/18/2020 16:00,186.21,2.66,70.0037594,338.1,SEDG
9/21/2020 16:00,190.41,2.66,71.58270677,338.1,SEDG
9/22/2020 16:00,185.2,2.66,69.62406015,338.1,SEDG
9/23/2020 16:00,189.44,2.66,71.21804511,338.1,SEDG
9/24/2020 16:00,191.73,2.66,72.07894737,338.1,SEDG
9/25/2020 16:00,200.96,2.66,75.54887218,338.1,SEDG
9/28/2020 16:00,218.29,2.66,82.06390977,338.1,SEDG
9/29/2020 16:00,231.5,2.66,87.03007519,338.1,SEDG
9/30/2020 16:00,238.35,2.66,89.60526316,338.1,SEDG
10/1/2020 16:00,248.87,2.66,93.56015038,358.1,SEDG
10/2/2020 16:00,251.58,2.66,94.57894737,358.1,SEDG
10/5/2020 16:00,272.59,2.66,102.4774436,358.1,SEDG
10/6/2020 16:00,271.87,2.66,102.2067669,358.1,SEDG
10/7/2020 16:00,305.15,2.66,114.7180451,358.1,SEDG
10/8/2020 16:00,289,2.66,108.6466165,358.1,SEDG
10/9/2020 16:00,305.35,2.66,114.7932331,358.1,SEDG
10/12/2020 16:00,297.94,2.66,112.0075188,358.1,SEDG
10/13/2020 16:00,299.65,2.66,112.6503759,358.1,SEDG
10/14/2020 16:00,304.52,2.66,114.481203,358.1,SEDG
10/15/2020 16:00,302.5,2.66,113.7218045,358.1,SEDG
10/16/2020 16:00,302.02,2.66,113.5413534,358.1,SEDG
10/19/2020 16:00,309.1,2.66,116.2030075,358.1,SEDG
10/20/2020 16:00,309.8,2.66,116.4661654,358.1,SEDG
10/21/2020 16:00,279.59,2.66,105.1090226,358.1,SEDG
10/22/2020 16:00,280.39,2.66,105.4097744,358.1,SEDG
10/23/2020 16:00,282.88,2.66,106.3458647,358.1,SEDG
10/26/2020 16:00,273,2.66,102.6315789,358.1,SEDG
10/27/2020 16:00,261.84,2.66,98.43609023,358.1,SEDG
10/28/2020 16:00,263.83,2.66,99.18421053,358.1,SEDG
10/29/2020 16:00,270.09,2.66,101.537594,358.1,SEDG
10/30/2020 16:00,257.69,2.66,96.87593985,358.1,SEDG
11/2/2020 16:00,267.72,2.66,100.6466165,358.1,SEDG
11/3/2020 16:00,206.37,2.66,77.58270677,358.1,SEDG
11/4/2020 16:00,206.56,2.66,77.65413534,358.1,SEDG
11/5/2020 16:00,233.63,2.66,87.83082707,358.1,SEDG
11/6/2020 16:00,237.51,2.66,89.28947368,358.1,SEDG
11/9/2020 16:00,232.52,2.66,87.41353383,358.1,SEDG
11/10/2020 16:00,225.51,2.66,84.77819549,358.1,SEDG
11/11/2020 16:00,235.19,2.66,88.41729323,358.1,SEDG
11/12/2020 16:00,227.2,2.66,85.41353383,358.1,SEDG
11/13/2020 16:00,221.6,2.66,83.30827068,358.1,SEDG
11/16/2020 16:00,228.28,2.66,85.81954887,358.1,SEDG
11/17/2020 16:00,233.18,2.66,87.66165414,358.1,SEDG
11/18/2020 16:00,232.82,2.66,87.52631579,358.1,SEDG
11/19/2020 16:00,244.05,2.66,91.7481203,358.1,SEDG
11/20/2020 16:00,257.99,2.66,96.9887218,358.1,SEDG
11/23/2020 16:00,264.8,2.66,99.54887218,358.1,SEDG
11/24/2020 16:00,268.97,2.66,101.1165414,358.1,SEDG
11/25/2020 16:00,275.97,2.66,103.7481203,358.1,SEDG
11/27/2020 13:00,288.23,2.66,108.3571429,358.1,SEDG
11/30/2020 16:00,277.98,2.66,104.5037594,358.1,SEDG
12/1/2020 16:00,274.07,2.66,103.0338346,358.1,SEDG
12/2/2020 16:00,273.5,2.66,102.8195489,358.1,SEDG
12/3/2020 16:00,272.33,2.66,102.3796992,358.1,SEDG
12/4/2020 16:00,271.97,2.66,102.2443609,358.1,SEDG
12/7/2020 16:00,278.32,2.66,104.6315789,358.1,SEDG
12/8/2020 16:00,284.86,2.66,107.0902256,358.1,SEDG
12/9/2020 16:00,271.76,2.66,102.1654135,358.1,SEDG
12/10/2020 16:00,273.48,2.66,102.8120301,358.1,SEDG
12/11/2020 16:00,291.51,2.66,109.5902256,358.1,SEDG
12/14/2020 16:00,293.32,2.66,110.2706767,358.1,SEDG
12/15/2020 16:00,313.77,2.66,117.9586466,358.1,SEDG
12/16/2020 16:00,309.72,2.66,116.4360902,358.1,SEDG
12/17/2020 16:00,305.7,2.66,114.924812,358.1,SEDG
12/18/2020 16:00,314.5,2.66,118.2330827,358.1,SEDG
12/21/2020 16:00,318.62,2.66,119.7819549,358.1,SEDG
12/22/2020 16:00,322.52,2.66,121.2481203,358.1,SEDG
12/23/2020 16:00,323.98,2.66,121.7969925,358.1,SEDG
12/24/2020 13:00,324.09,2.66,121.8383459,358.1,SEDG
12/28/2020 16:00,318.41,2.66,119.7030075,358.1,SEDG
12/29/2020 16:00,307.97,2.66,115.7781955,358.1,SEDG
12/30/2020 16:00,319.1,2.66,119.962406,358.1,SEDG
12/31/2020 16:00,319.12,2.66,119.9699248,358.1,SEDG
1/4/2021 16:00,311.35,3.06,101.748366,405.5,SEDG
1/5/2021 16:00,316.81,3.06,103.5326797,405.5,SEDG
1/6/2021 16:00,348.13,3.06,113.7679739,405.5,SEDG
1/7/2021 16:00,365.97,3.06,119.5980392,405.5,SEDG
1/8/2021 16:00,356.11,3.06,116.375817,405.5,SEDG
1/11/2021 16:00,352.05,3.06,115.0490196,405.5,SEDG
1/12/2021 16:00,346.3,3.06,113.1699346,405.5,SEDG
1/13/2021 16:00,335.4,3.06,109.6078431,405.5,SEDG
1/14/2021 16:00,335.4,3.06,109.6078431,405.5,SEDG
1/15/2021 16:00,282.26,3.06,92.24183007,405.5,SEDG
1/19/2021 16:00,295.05,3.06,96.42156863,405.5,SEDG
1/20/2021 16:00,297.18,3.06,97.11764706,405.5,SEDG
1/21/2021 16:00,317.18,3.06,103.6535948,405.5,SEDG
1/22/2021 16:00,321.12,3.06,104.9411765,405.5,SEDG
1/25/2021 16:00,310.12,3.06,101.3464052,405.5,SEDG
1/26/2021 16:00,296.68,3.06,96.95424837,405.5,SEDG
1/27/2021 16:00,285.51,3.06,93.30392157,405.5,SEDG
1/28/2021 16:00,309.74,3.06,101.2222222,405.5,SEDG
1/29/2021 16:00,288.33,3.06,94.2254902,405.5,SEDG
2/1/2021 16:00,300.82,3.06,98.30718954,405.5,SEDG
2/2/2021 16:00,307.05,3.06,100.3431373,405.5,SEDG
2/3/2021 16:00,307.08,3.06,100.3529412,405.5,SEDG
2/4/2021 16:00,301.7,3.06,98.59477124,405.5,SEDG
2/5/2021 16:00,308.24,3.06,100.7320261,405.5,SEDG
2/8/2021 16:00,318.83,3.06,104.1928105,405.5,SEDG
2/9/2021 16:00,325.92,3.06,106.5098039,405.5,SEDG
2/10/2021 16:00,320.4,3.06,104.7058824,405.5,SEDG
2/11/2021 16:00,330.78,3.06,108.0980392,405.5,SEDG
2/12/2021 16:00,330.89,3.06,108.1339869,405.5,SEDG
2/16/2021 16:00,331.35,3.06,108.2843137,405.5,SEDG
2/17/2021 16:00,334.8,3.06,109.4117647,405.5,SEDG
2/18/2021 16:00,316.09,3.06,103.2973856,405.5,SEDG
2/19/2021 16:00,321.99,3.06,105.2254902,405.5,SEDG
2/22/2021 16:00,288.7,3.06,94.34640523,405.5,SEDG
2/23/2021 16:00,295.58,3.06,96.59477124,405.5,SEDG
2/24/2021 16:00,308.15,3.06,100.7026144,405.5,SEDG
2/25/2021 16:00,284.33,3.06,92.91830065,405.5,SEDG
2/26/2021 16:00,298.31,3.06,97.4869281,405.5,SEDG
3/1/2021 16:00,307.95,3.06,100.6372549,405.5,SEDG
3/2/2021 16:00,291.59,3.06,95.29084967,405.5,SEDG
3/3/2021 16:00,274.73,3.06,89.78104575,405.5,SEDG
3/4/2021 16:00,256.26,3.06,83.74509804,405.5,SEDG
3/5/2021 16:00,249.43,3.06,81.5130719,405.5,SEDG
3/8/2021 16:00,246.71,3.06,80.62418301,405.5,SEDG
3/9/2021 16:00,280.01,3.06,91.50653595,405.5,SEDG
3/10/2021 16:00,279.67,3.06,91.39542484,405.5,SEDG
3/11/2021 16:00,295.23,3.06,96.48039216,405.5,SEDG
3/12/2021 16:00,291.48,3.06,95.25490196,405.5,SEDG
3/15/2021 16:00,297.21,3.06,97.12745098,405.5,SEDG
3/16/2021 16:00,285.6,3.06,93.33333333,405.5,SEDG
3/17/2021 16:00,291.43,3.06,95.23856209,405.5,SEDG
3/18/2021 16:00,266.49,3.06,87.08823529,405.5,SEDG
3/19/2021 16:00,280.94,3.06,91.81045752,405.5,SEDG
3/22/2021 16:00,289.17,3.06,94.5,405.5,SEDG
3/23/2021 16:00,278.37,3.06,90.97058824,405.5,SEDG
3/24/2021 16:00,267.59,3.06,87.44771242,405.5,SEDG
3/25/2021 16:00,270.03,3.06,88.24509804,405.5,SEDG
3/26/2021 16:00,275.75,3.06,90.11437908,405.5,SEDG
3/29/2021 16:00,260.04,3.06,84.98039216,405.5,SEDG
3/30/2021 16:00,271.17,3.06,88.61764706,405.5,SEDG
3/31/2021 16:00,287.44,3.06,93.93464052,405.5,SEDG
4/1/2021 16:00,283.39,3.06,92.61111111,480,SEDG
4/5/2021 16:00,268.97,3.06,87.89869281,480,SEDG
4/6/2021 16:00,277.25,3.06,90.60457516,480,SEDG
4/7/2021 16:00,262.45,3.06,85.76797386,480,SEDG
4/8/2021 16:00,262.09,3.06,85.6503268,480,SEDG
4/9/2021 16:00,263.95,3.06,86.25816993,480,SEDG
4/12/2021 16:00,263.2,3.06,86.0130719,480,SEDG
4/13/2021 16:00,269.44,3.06,88.05228758,480,SEDG
4/14/2021 16:00,266.21,3.06,86.99673203,480,SEDG
4/15/2021 16:00,256.02,3.06,83.66666667,480,SEDG
4/16/2021 16:00,258.71,3.06,84.54575163,480,SEDG
4/19/2021 16:00,244.86,3.06,80.01960784,480,SEDG
4/20/2021 16:00,243.87,3.06,79.69607843,480,SEDG
4/21/2021 16:00,255.09,3.06,83.3627451,480,SEDG
4/22/2021 16:00,274.7,3.06,89.77124183,480,SEDG
4/23/2021 16:00,279.43,3.06,91.31699346,480,SEDG
4/26/2021 16:00,289.55,3.06,94.62418301,480,SEDG
4/27/2021 16:00,290.14,3.06,94.81699346,480,SEDG
4/28/2021 16:00,282.5,3.06,92.32026144,480,SEDG
4/29/2021 16:00,275.76,3.06,90.11764706,480,SEDG
4/30/2021 16:00,263.54,3.06,86.12418301,480,SEDG
5/3/2021 16:00,260.06,3.06,84.9869281,480,SEDG
5/4/2021 16:00,218.57,3.06,71.42810458,480,SEDG
5/5/2021 16:00,219.23,3.06,71.64379085,480,SEDG
5/6/2021 16:00,214.13,3.06,69.97712418,480,SEDG
5/7/2021 16:00,220.4,3.06,72.02614379,480,SEDG
5/10/2021 16:00,213.34,3.06,69.71895425,480,SEDG
5/11/2021 16:00,217.94,3.06,71.22222222,480,SEDG
5/12/2021 16:00,208.24,3.06,68.05228758,480,SEDG
5/13/2021 16:00,204.01,3.06,66.66993464,480,SEDG
5/14/2021 16:00,218.87,3.06,71.52614379,480,SEDG
5/17/2021 16:00,218.01,3.06,71.24509804,480,SEDG
5/18/2021 16:00,221.72,3.06,72.45751634,480,SEDG
5/19/2021 16:00,233.49,3.06,76.30392157,480,SEDG
5/20/2021 16:00,249.52,3.06,81.54248366,480,SEDG
5/21/2021 16:00,252.31,3.06,82.45424837,480,SEDG
5/24/2021 16:00,254.77,3.06,83.25816993,480,SEDG
5/25/2021 16:00,251.75,3.06,82.27124183,480,SEDG
5/26/2021 16:00,259.05,3.06,84.65686275,480,SEDG
5/27/2021 16:00,256.56,3.06,83.84313725,480,SEDG
5/28/2021 16:00,258.01,3.06,84.31699346,480,SEDG
6/1/2021 16:00,248.47,3.06,81.19934641,480,SEDG
6/2/2021 16:00,247.48,3.06,80.87581699,480,SEDG
6/3/2021 16:00,238.49,3.06,77.9379085,480,SEDG
6/4/2021 16:00,241.84,3.06,79.03267974,480,SEDG
6/7/2021 16:00,233.27,3.06,76.23202614,480,SEDG
6/8/2021 16:00,238.7,3.06,78.00653595,480,SEDG
6/9/2021 16:00,235.24,3.06,76.87581699,480,SEDG
6/10/2021 16:00,239.69,3.06,78.33006536,480,SEDG
6/11/2021 16:00,243.17,3.06,79.46732026,480,SEDG
6/14/2021 16:00,242.87,3.06,79.36928105,480,SEDG
6/15/2021 16:00,238.86,3.06,78.05882353,480,SEDG
6/16/2021 16:00,247.56,3.06,80.90196078,480,SEDG
6/17/2021 16:00,263.18,3.06,86.00653595,480,SEDG
6/18/2021 16:00,264.23,3.06,86.3496732,480,SEDG
6/21/2021 16:00,258.61,3.06,84.5130719,480,SEDG
6/22/2021 16:00,260.44,3.06,85.11111111,480,SEDG
6/23/2021 16:00,265.08,3.06,86.62745098,480,SEDG
6/24/2021 16:00,267.28,3.06,87.34640523,480,SEDG
6/25/2021 16:00,267.71,3.06,87.4869281,480,SEDG
6/28/2021 16:00,284.66,3.06,93.02614379,480,SEDG
6/29/2021 16:00,283.57,3.06,92.66993464,480,SEDG
6/30/2021 16:00,276.37,3.06,90.31699346,480,SEDG
7/1/2021 16:00,274.88,3.06,89.83006536,526,SEDG
7/2/2021 16:00,276.23,3.06,90.27124183,526,SEDG
7/6/2021 16:00,274.79,3.06,89.80065359,526,SEDG
7/7/2021 16:00,265.2,3.06,86.66666667,526,SEDG
7/8/2021 16:00,261.14,3.06,85.33986928,526,SEDG
7/9/2021 16:00,267.68,3.06,87.47712418,526,SEDG
7/12/2021 16:00,268.65,3.06,87.79411765,526,SEDG
7/13/2021 16:00,265.37,3.06,86.72222222,526,SEDG
7/14/2021 16:00,245.46,3.06,80.21568627,526,SEDG
7/15/2021 16:00,241.21,3.06,78.82679739,526,SEDG
7/16/2021 16:00,236.56,3.06,77.30718954,526,SEDG
7/19/2021 16:00,240.16,3.06,78.48366013,526,SEDG
7/20/2021 16:00,245.76,3.06,80.31372549,526,SEDG
7/21/2021 16:00,258.96,3.06,84.62745098,526,SEDG
7/22/2021 16:00,257.39,3.06,84.11437908,526,SEDG
7/23/2021 16:00,248.63,3.06,81.25163399,526,SEDG
7/26/2021 16:00,245.62,3.06,80.26797386,526,SEDG
7/27/2021 16:00,240,3.06,78.43137255,526,SEDG
7/28/2021 16:00,254.14,3.06,83.05228758,526,SEDG
7/29/2021 16:00,261.13,3.06,85.33660131,526,SEDG
7/30/2021 16:00,259.48,3.06,84.79738562,526,SEDG
8/2/2021 16:00,257.72,3.06,84.22222222,526,SEDG
8/3/2021 16:00,299.81,3.06,97.97712418,526,SEDG
8/4/2021 16:00,292.73,3.06,95.66339869,526,SEDG
8/5/2021 16:00,286.39,3.06,93.59150327,526,SEDG
8/6/2021 16:00,295.28,3.06,96.49673203,526,SEDG
8/9/2021 16:00,294.94,3.06,96.38562092,526,SEDG
8/10/2021 16:00,296.4,3.06,96.8627451,526,SEDG
8/11/2021 16:00,289.3,3.06,94.54248366,526,SEDG
8/12/2021 16:00,291.17,3.06,95.15359477,526,SEDG
8/13/2021 16:00,284.37,3.06,92.93137255,526,SEDG
8/16/2021 16:00,277.81,3.06,90.7875817,526,SEDG
8/17/2021 16:00,268.35,3.06,87.69607843,526,SEDG
8/18/2021 16:00,266.22,3.06,87,526,SEDG
8/19/2021 16:00,262.3,3.06,85.71895425,526,SEDG
8/20/2021 16:00,269.88,3.06,88.19607843,526,SEDG
8/23/2021 16:00,281.01,3.06,91.83333333,526,SEDG
8/24/2021 16:00,279.75,3.06,91.42156863,526,SEDG
8/25/2021 16:00,281.44,3.06,91.97385621,526,SEDG
8/26/2021 16:00,280.82,3.06,91.77124183,526,SEDG
8/27/2021 16:00,291.25,3.06,95.17973856,526,SEDG
8/30/2021 16:00,295.7,3.06,96.63398693,526,SEDG
8/31/2021 16:00,289.78,3.06,94.69934641,526,SEDG
9/1/2021 16:00,289.79,3.06,94.70261438,526,SEDG
9/2/2021 16:00,291.54,3.06,95.2745098,526,SEDG
9/3/2021 16:00,285.8,3.06,93.39869281,526,SEDG
9/7/2021 16:00,278.83,3.06,91.12091503,526,SEDG
9/8/2021 16:00,274.2,3.06,89.60784314,526,SEDG
9/9/2021 16:00,275.95,3.06,90.17973856,526,SEDG
9/10/2021 16:00,268.54,3.06,87.75816993,526,SEDG
9/13/2021 16:00,273.84,3.06,89.49019608,526,SEDG
9/14/2021 16:00,272.51,3.06,89.05555556,526,SEDG
9/15/2021 16:00,277.78,3.06,90.77777778,526,SEDG
9/16/2021 16:00,270.4,3.06,88.36601307,526,SEDG
9/17/2021 16:00,281.45,3.06,91.97712418,526,SEDG
9/20/2021 16:00,268.72,3.06,87.81699346,526,SEDG
9/21/2021 16:00,269.46,3.06,88.05882353,526,SEDG
9/22/2021 16:00,282,3.06,92.15686275,526,SEDG
9/23/2021 16:00,284.11,3.06,92.84640523,526,SEDG
9/24/2021 16:00,275.36,3.06,89.9869281,526,SEDG
9/27/2021 16:00,280.52,3.06,91.67320261,526,SEDG
9/28/2021 16:00,272.83,3.06,89.16013072,526,SEDG
9/29/2021 16:00,261.87,3.06,85.57843137,526,SEDG
9/30/2021 16:00,265.22,3.06,86.67320261,526,SEDG
10/1/2021 16:00,272.12,3.06,88.92810458,552,SEDG
10/4/2021 16:00,255.27,3.06,83.42156863,552,SEDG
10/5/2021 16:00,258.7,3.06,84.54248366,552,SEDG
10/6/2021 16:00,260.42,3.06,85.10457516,552,SEDG
10/7/2021 16:00,263.61,3.06,86.14705882,552,SEDG
10/8/2021 16:00,261.87,3.06,85.57843137,552,SEDG
10/11/2021 16:00,276.82,3.06,90.46405229,552,SEDG
10/12/2021 16:00,298.41,3.06,97.51960784,552,SEDG
10/13/2021 16:00,303.72,3.06,99.25490196,552,SEDG
10/14/2021 16:00,305.53,3.06,99.84640523,552,SEDG
10/15/2021 16:00,299.49,3.06,97.87254902,552,SEDG
10/18/2021 16:00,306.08,3.06,100.0261438,552,SEDG
10/19/2021 16:00,317.22,3.06,103.6666667,552,SEDG
10/20/2021 16:00,307.36,3.06,100.4444444,552,SEDG
10/21/2021 16:00,309.03,3.06,100.9901961,552,SEDG
10/22/2021 16:00,303.25,3.06,99.10130719,552,SEDG
10/25/2021 16:00,311.92,3.06,101.9346405,552,SEDG
10/26/2021 16:00,313.88,3.06,102.5751634,552,SEDG
10/27/2021 16:00,342.54,3.06,111.9411765,552,SEDG
10/28/2021 16:00,351.58,3.06,114.8954248,552,SEDG
10/29/2021 16:00,354.68,3.06,115.9084967,552,SEDG
11/1/2021 16:00,360.93,3.06,117.9509804,552,SEDG
11/2/2021 16:00,355.16,3.06,116.0653595,552,SEDG
11/3/2021 16:00,352.99,3.06,115.3562092,552,SEDG
11/4/2021 16:00,349.83,3.06,114.3235294,552,SEDG
11/5/2021 16:00,344.07,3.06,112.4411765,552,SEDG
11/8/2021 16:00,349.9,3.06,114.3464052,552,SEDG
11/9/2021 16:00,351.14,3.06,114.751634,552,SEDG
11/10/2021 16:00,343.3,3.06,112.1895425,552,SEDG
11/11/2021 16:00,358.25,3.06,117.0751634,552,SEDG
11/12/2021 16:00,362.41,3.06,118.4346405,552,SEDG
11/15/2021 16:00,368.33,3.06,120.369281,552,SEDG
11/16/2021 16:00,360.5,3.06,117.8104575,552,SEDG
11/17/2021 16:00,365,3.06,119.2810458,552,SEDG
11/18/2021 16:00,355.42,3.06,116.1503268,552,SEDG
11/19/2021 16:00,365.13,3.06,119.3235294,552,SEDG
11/22/2021 16:00,353.65,3.06,115.5718954,552,SEDG
11/23/2021 16:00,350.02,3.06,114.3856209,552,SEDG
11/24/2021 16:00,348.49,3.06,113.8856209,552,SEDG
11/26/2021 13:00,341.44,3.06,111.5816993,552,SEDG
11/29/2021 16:00,347.21,3.06,113.4673203,552,SEDG
11/30/2021 16:00,327.76,3.06,107.1111111,552,SEDG
12/1/2021 16:00,315.05,3.06,102.9575163,552,SEDG
12/2/2021 16:00,318.54,3.06,104.0980392,552,SEDG
12/3/2021 16:00,307,3.06,100.3267974,552,SEDG
12/6/2021 16:00,307.63,3.06,100.5326797,552,SEDG
12/7/2021 16:00,325.83,3.06,106.4803922,552,SEDG
12/8/2021 16:00,330.56,3.06,108.0261438,552,SEDG
12/9/2021 16:00,313.38,3.06,102.4117647,552,SEDG
12/10/2021 16:00,309.09,3.06,101.0098039,552,SEDG
12/13/2021 16:00,303.67,3.06,99.23856209,552,SEDG
12/14/2021 16:00,298.3,3.06,97.48366013,552,SEDG
12/15/2021 16:00,305.5,3.06,99.83660131,552,SEDG
12/16/2021 16:00,287.03,3.06,93.80065359,552,SEDG
12/17/2021 16:00,288.85,3.06,94.39542484,552,SEDG
12/20/2021 16:00,258.36,3.06,84.43137255,552,SEDG
12/21/2021 16:00,281.1,3.06,91.8627451,552,SEDG
12/22/2021 16:00,284.01,3.06,92.81372549,552,SEDG
12/23/2021 16:00,283.29,3.06,92.57843137,552,SEDG
12/27/2021 16:00,285.6,3.06,93.33333333,552,SEDG
12/28/2021 16:00,278.82,3.06,91.11764706,552,SEDG
12/29/2021 16:00,278.04,3.06,90.8627451,552,SEDG
12/30/2021 16:00,282.35,3.06,92.27124183,552,SEDG
12/31/2021 16:00,280.57,3.06,91.68954248,552,SEDG
1/3/2022 16:00,282.45,6.66,42.40990991,655,SEDG
1/4/2022 16:00,273.1,6.66,41.00600601,655,SEDG
1/5/2022 16:00,249.81,6.66,37.50900901,655,SEDG
1/6/2022 16:00,248.24,6.66,37.27327327,655,SEDG
1/7/2022 16:00,248.91,6.66,37.37387387,655,SEDG
1/10/2022 16:00,255.47,6.66,38.35885886,655,SEDG
1/11/2022 16:00,261.09,6.66,39.2027027,655,SEDG
1/12/2022 16:00,261.02,6.66,39.19219219,655,SEDG
1/13/2022 16:00,260.43,6.66,39.1036036,655,SEDG
1/14/2022 16:00,253.83,6.66,38.11261261,655,SEDG
1/18/2022 16:00,238.8,6.66,35.85585586,655,SEDG
1/19/2022 16:00,232.09,6.66,34.84834835,655,SEDG
1/20/2022 16:00,231.32,6.66,34.73273273,655,SEDG
1/21/2022 16:00,220.31,6.66,33.07957958,655,SEDG
1/24/2022 16:00,225.87,6.66,33.91441441,655,SEDG
1/25/2022 16:00,212.74,6.66,31.94294294,655,SEDG
1/26/2022 16:00,214.13,6.66,32.15165165,655,SEDG
1/27/2022 16:00,209.82,6.66,31.5045045,655,SEDG
1/28/2022 16:00,212.07,6.66,31.84234234,655,SEDG
1/31/2022 16:00,238.22,6.66,35.76876877,655,SEDG
2/1/2022 16:00,242.23,6.66,36.37087087,655,SEDG
2/2/2022 16:00,238.3,6.66,35.78078078,655,SEDG
2/3/2022 16:00,231.2,6.66,34.71471471,655,SEDG
2/4/2022 16:00,238.26,6.66,35.77477477,655,SEDG
2/7/2022 16:00,240.97,6.66,36.18168168,655,SEDG
2/8/2022 16:00,248.71,6.66,37.34384384,655,SEDG
2/9/2022 16:00,265.98,6.66,39.93693694,655,SEDG
2/10/2022 16:00,264.5,6.66,39.71471471,655,SEDG
2/11/2022 16:00,250.09,6.66,37.55105105,655,SEDG
2/14/2022 16:00,249.22,6.66,37.42042042,655,SEDG
2/15/2022 16:00,262.16,6.66,39.36336336,655,SEDG
2/16/2022 16:00,266.72,6.66,40.04804805,655,SEDG
2/17/2022 16:00,263.26,6.66,39.52852853,655,SEDG
2/18/2022 16:00,257.91,6.66,38.72522523,655,SEDG
2/22/2022 16:00,246.07,6.66,36.94744745,655,SEDG
2/23/2022 16:00,236.11,6.66,35.45195195,655,SEDG
2/24/2022 16:00,271.19,6.66,40.71921922,655,SEDG
2/25/2022 16:00,277.93,6.66,41.73123123,655,SEDG
2/28/2022 16:00,319.42,6.66,47.96096096,655,SEDG
3/1/2022 16:00,324.63,6.66,48.74324324,655,SEDG
3/2/2022 16:00,314.46,6.66,47.21621622,655,SEDG
3/3/2022 16:00,301.82,6.66,45.31831832,655,SEDG
3/4/2022 16:00,293.23,6.66,44.02852853,655,SEDG
3/7/2022 16:00,297.89,6.66,44.72822823,655,SEDG
3/8/2022 16:00,328.91,6.66,49.38588589,655,SEDG
3/9/2022 16:00,326.98,6.66,49.0960961,655,SEDG
3/10/2022 16:00,315.13,6.66,47.31681682,655,SEDG
3/11/2022 16:00,317.93,6.66,47.73723724,655,SEDG
3/14/2022 16:00,298.51,6.66,44.82132132,655,SEDG
3/15/2022 16:00,315.75,6.66,47.40990991,655,SEDG
3/16/2022 16:00,334.16,6.66,50.17417417,655,SEDG
3/17/2022 16:00,314.6,6.66,47.23723724,655,SEDG
3/18/2022 16:00,312.51,6.66,46.92342342,655,SEDG
3/21/2022 16:00,312.08,6.66,46.85885886,655,SEDG
3/22/2022 16:00,325.11,6.66,48.81531532,655,SEDG
3/23/2022 16:00,327.27,6.66,49.13963964,655,SEDG
3/24/2022 16:00,337.74,6.66,50.71171171,655,SEDG
3/25/2022 16:00,335.27,6.66,50.34084084,655,SEDG
3/28/2022 16:00,333.07,6.66,50.01051051,655,SEDG
3/29/2022 16:00,324.5,6.66,48.72372372,655,SEDG
3/30/2022 16:00,314.23,6.66,47.18168168,655,SEDG
3/31/2022 16:00,322.37,6.66,48.4039039,655,SEDG
4/1/2022 16:00,322.83,6.66,48.47297297,728,SEDG
4/4/2022 16:00,335.31,6.66,50.34684685,728,SEDG
4/5/2022 16:00,328.69,6.66,49.35285285,728,SEDG
4/6/2022 16:00,320.16,6.66,48.07207207,728,SEDG
4/7/2022 16:00,314.93,6.66,47.28678679,728,SEDG
4/8/2022 16:00,301.58,6.66,45.28228228,728,SEDG
4/11/2022 16:00,300.03,6.66,45.04954955,728,SEDG
4/12/2022 16:00,301.45,6.66,45.26276276,728,SEDG
4/13/2022 16:00,308,6.66,46.24624625,728,SEDG
4/14/2022 16:00,300.66,6.66,45.14414414,728,SEDG
4/18/2022 16:00,302.27,6.66,45.38588589,728,SEDG
4/19/2022 16:00,304.82,6.66,45.76876877,728,SEDG
4/20/2022 16:00,281.61,6.66,42.28378378,728,SEDG
4/21/2022 16:00,254.15,6.66,38.16066066,728,SEDG
4/22/2022 16:00,251.58,6.66,37.77477477,728,SEDG
4/25/2022 16:00,253.49,6.66,38.06156156,728,SEDG
4/26/2022 16:00,244.76,6.66,36.75075075,728,SEDG
4/27/2022 16:00,249.48,6.66,37.45945946,728,SEDG
4/28/2022 16:00,254.41,6.66,38.1996997,728,SEDG
4/29/2022 16:00,250.41,6.66,37.5990991,728,SEDG
5/2/2022 16:00,255.31,6.66,38.33483483,728,SEDG
5/3/2022 16:00,262.67,6.66,39.43993994,728,SEDG
5/4/2022 16:00,284.6,6.66,42.73273273,728,SEDG
5/5/2022 16:00,266.23,6.66,39.97447447,728,SEDG
5/6/2022 16:00,251.81,6.66,37.80930931,728,SEDG
5/9/2022 16:00,225.36,6.66,33.83783784,728,SEDG
5/10/2022 16:00,233.8,6.66,35.10510511,728,SEDG
5/11/2022 16:00,216.52,6.66,32.51051051,728,SEDG
5/12/2022 16:00,211.92,6.66,31.81981982,728,SEDG
5/13/2022 16:00,232.25,6.66,34.87237237,728,SEDG
5/16/2022 16:00,222.79,6.66,33.45195195,728,SEDG
5/17/2022 16:00,239.35,6.66,35.93843844,728,SEDG
5/18/2022 16:00,238.8,6.66,35.85585586,728,SEDG
5/19/2022 16:00,252.18,6.66,37.86486486,728,SEDG
5/20/2022 16:00,256.81,6.66,38.56006006,728,SEDG
5/23/2022 16:00,255.63,6.66,38.38288288,728,SEDG
5/24/2022 16:00,248.23,6.66,37.27177177,728,SEDG
5/25/2022 16:00,253.45,6.66,38.05555556,728,SEDG
5/26/2022 16:00,266.44,6.66,40.00600601,728,SEDG
5/27/2022 16:00,280.36,6.66,42.0960961,728,SEDG
5/31/2022 16:00,272.79,6.66,40.95945946,728,SEDG
6/1/2022 16:00,272.48,6.66,40.91291291,728,SEDG
6/2/2022 16:00,300.49,6.66,45.11861862,728,SEDG
6/3/2022 16:00,298.34,6.66,44.7957958,728,SEDG
6/6/2022 16:00,306.88,6.66,46.07807808,728,SEDG
6/7/2022 16:00,306.42,6.66,46.00900901,728,SEDG
6/8/2022 16:00,298.44,6.66,44.81081081,728,SEDG
6/9/2022 16:00,291.67,6.66,43.79429429,728,SEDG
6/10/2022 16:00,284.36,6.66,42.6966967,728,SEDG
6/13/2022 16:00,264.34,6.66,39.69069069,728,SEDG
6/14/2022 16:00,264.63,6.66,39.73423423,728,SEDG
6/15/2022 16:00,274.13,6.66,41.16066066,728,SEDG
6/16/2022 16:00,253.98,6.66,38.13513514,728,SEDG
6/17/2022 16:00,275.41,6.66,41.35285285,728,SEDG
6/21/2022 16:00,283.1,6.66,42.50750751,728,SEDG
6/22/2022 16:00,280.4,6.66,42.1021021,728,SEDG
6/23/2022 16:00,291.53,6.66,43.77327327,728,SEDG
6/24/2022 16:00,286.34,6.66,42.99399399,728,SEDG
6/27/2022 16:00,298.52,6.66,44.82282282,728,SEDG
6/28/2022 16:00,279.24,6.66,41.92792793,728,SEDG
6/29/2022 16:00,262.96,6.66,39.48348348,728,SEDG
6/30/2022 16:00,273.68,6.66,41.09309309,728,SEDG
7/1/2022 16:00,276.3,6.66,41.48648649,631,SEDG
7/5/2022 16:00,271.27,6.66,40.73123123,631,SEDG
7/6/2022 16:00,269.79,6.66,40.50900901,631,SEDG
7/7/2022 16:00,286.86,6.66,43.07207207,631,SEDG
7/8/2022 16:00,295.11,6.66,44.31081081,631,SEDG
7/11/2022 16:00,279.67,6.66,41.99249249,631,SEDG
7/12/2022 16:00,265.37,6.66,39.84534535,631,SEDG
7/13/2022 16:00,269.03,6.66,40.39489489,631,SEDG
7/14/2022 16:00,269.02,6.66,40.39339339,631,SEDG
7/15/2022 16:00,265.85,6.66,39.91741742,631,SEDG
7/18/2022 16:00,280.68,6.66,42.14414414,631,SEDG
7/19/2022 16:00,290.3,6.66,43.58858859,631,SEDG
7/20/2022 16:00,295.86,6.66,44.42342342,631,SEDG
7/21/2022 16:00,292.98,6.66,43.99099099,631,SEDG
7/22/2022 16:00,288.93,6.66,43.38288288,631,SEDG
7/25/2022 16:00,299.38,6.66,44.95195195,631,SEDG
7/26/2022 16:00,296.48,6.66,44.51651652,631,SEDG
7/27/2022 16:00,325.19,6.66,48.82732733,631,SEDG
7/28/2022 16:00,341.19,6.66,51.22972973,631,SEDG
7/29/2022 16:00,360.13,6.66,54.07357357,631,SEDG
